2975 4784
563 404 695 488 244

1101 405 1180 469 P.
1247 404 1605 474 OVIDII
1661 405 2121 478 NASONIS

554 545 833 620 Actaeon
867 569 996 637 ego
1033 568 1219 630 sum3
1257 542 1603 618 dominum
1642 546 2022 641 cognoscite
2055 565 2365 624 vestrum.
2593 581 2678 630 230

553 660 775 733 Verba
813 658 1035 732 animo
1074 656 1357 733 desunt:
1394 677 1659 734 resonat
1693 658 2042 735 latratibus
2072 662 2292 739 aether.

558 775 781 849 Prima
819 773 1291 850 Melanchaetes
1324 775 1394 848 in
1428 792 1621 872 tergo
1655 775 1926 851 vulnera
1955 776 2151 865 fecit3

558 891 874 965 Proxima
907 890 1374 979 Theridamas3
1406 891 1891 992 Oresitrophos
1924 892 2116 969 haesit
2141 894 2213 968 in
2243 925 2445 972 armo.

525 1008 615 1078 ’Τ
617 1004 841 1078 ardius
876 1004 1212 1091 exierant,
1248 1004 1363 1079 sed
1397 1032 1521 1106 per
1553 1006 1940 1107 compendia
1974 1009 2225 1083 montis

555 1120 937 1220 Anticipata
971 1120 1074 1193 uia
1106 1138 1254 1193 est:
1291 1120 1635 1195 dominum
1671 1123 2115 1197 retinentibus
2150 1123 2314 1212 illis,
2581 1151 2676 1202 235

557 1236 790 1310 Cetera
830 1235 1028 1308 turba
1059 1234 1233 1322 coit,
1271 1234 1658 1336 confertque
1691 1236 1762 1309 in
1796 1264 2070 1337 corpore
2097 1238 2345 1313 dentes.

552 1358 702 1430 Jam
730 1355 881 1430 loca
912 1355 1301 1430 vulneribus
1335 1353 1576 1430 desunt
1609 1388 1626 1429 ε

1658 1359 1862 1453 gemit
1894 1358 2005 1434 ille
2019 1416 2038 1448 ,
2078 1388 2448 1463 sonumque

553 1481 682 1565 Et,
720 1478 780 1552 si
814 1506 957 1552 non
984 1477 1307 1564 hominist,
1346 1506 1542 1577 quem
1577 1507 1712 1552 non
1753 1497 1967 1555 tamen
2003 1481 2192 1557 edere
2225 1485 2440 1583 possit

559 1602 852 1687 Cervus»,
890 1600 1128 1688 habet3
1163 1600 1549 1701 moestisque
1575 1601 1787 1703 replet
1814 1603 1974 1702 juga
1999 1623 2161 1678 nota
2202 1605 2524 1707 querelis:

558 1812 702 1883 quod
739 1821 921 1866 tuetur
958 1811 1117 1865 Lens.
1149 1813 1416 1874 Feruntur,
1451 1832 1576 1867 cum

554 1895 759 1963 impetu
795 1900 989 1953 ruunt,
1022 1891 1159 1942 bene
1197 1891 1442 1944 convenit
1476 1910 1573 1943 ar-

555 1973 671 2027 dori
694 1991 888 2026 canum
909 2011 925 2037 ‚
947 1989 1122 2038 neque
1143 1968 1277 2022 adeo
1299 1970 1574 2025 sollicitan-

555 2054 684 2107 dum
708 2063 800 2106 est.
827 2052 951 2104 Jam
974 2050 1097 2103 hinc
1119 2047 1387 2118 phantasia
1403 2061 1574 2119 poetae

555 2131 859 2202 cupidinem
870 2146 1063 2182 canum
1077 2126 1435 2195 comitumque
1448 2146 1573 2179 curn

555 2209 756 2262 domini
795 2205 1065 2262 conatibus
1098 2214 1152 2258 et
1193 2204 1417 2273 querelis
1450 2213 1574 2257 ante

556 2288 733 2342 oculos
752 2284 919 2355 ponit.

620 2364 733 2416 230.
761 2362 980 2415 Actaeon
997 2377 1090 2426 σευ
1111 2378 1223 2413 sum
1245 2370 1343 2413 etc.
1366 2358 1449 2412 De
1472 2358 1575 2412 hoc

553 2461 706 2495 versu
742 2440 991 2494 Heinsius
1016 2457 1030 2491 :
1055 2441 1169 2491 Non
1200 2443 1365 2506 magt&
1388 2440 1574 2492 Naso·-

552 2526 638 2574 m's
656 2526 764 2582 est,
801 2537 950 2586 quam
977 2534 1130 2569 mens.
1158 2516 1467 2585 Agnoscunt
1490 2525 1575 2569 ta·-

555 2618 682 2653 men
700 2597 817 2651 libri
833 2606 1050 2649 veteres.
1076 2593 1373 2647 Eosubluto
1393 2593 1574 2648 omnia

553 2685 712 2729 erunt
747 2673 1103 2728 concinniora
1149 2696 1219 2714 —-
1259 2671 1569 2741 Agnoscunt

550 2771 763 2823 quoque
783 2749 956 2804 codd.
982 2748 1151 2817 Regii.
1179 2774 1246 2787 —
1270 2747 1397 2801 Sine
1418 2764 1572 2800 causa

556 2830 807 2886 Heinsius
835 2828 978 2881 hunc
1013 2842 1224 2879 versum
1250 2822 1571 2892 ejiciendum

556 2911 785 2982 putabat.
803 2906 1018 2962 Etenim
1020 2906 1223 2973 samult
1228 2912 1446 2972 possunt
1458 2919 1569 2955 esse

553 2990 812 3055 comites,
850 3004 980 3056 quos
1006 2983 1220 3036 Acmon
1247 2979 1438 3049 ulloqui
1462 2998 1570 3032 vo-

552 3067 708 3121 lebat.
722 3064 830 3119 Sed
848 3074 901 3118 et
916 3080 1098 3126 canes,
1109 3060 1151 3113 si
1167 3059 1262 3112 hos
1279 3057 1569 3127 intelligere

558 3143 840 3208 malumus,
861 3140 1140 3194 dominum
1162 3157 1224 3191 ex
1245 3154 1368 3190 voce
1393 3155 1570 3205 agno-

560 3239 703 3276 scere
730 3219 1034 3289 potuissent.
1060 3215 1211 3272 Adde
1228 3255 1242 3283 ,
1260 3212 1399 3285 quod
1420 3213 1572 3267 toties

554 3304 610 3355 in
635 3300 733 3354 hac
762 3298 868 3369 ipsa
902 3300 1001 3354 sab.
1033 3296 1258 3352 luxuriat
1291 3295 1567 3364 ingenium

556 3378 753 3436 Ovidii.
774 3405 843 3419 —
865 3378 1084 3438 Ambo,
1123 3372 1394 3430 voluntati.

617 3460 731 3514 232.
757 3457 1121 3510 Blelancbaetes
1136 3463 1189 3506 et
1203 3451 1389 3521 reliqui
1406 3451 1566 3504 etiam

552 3535 616 3588 ab
654 3533 874 3605 Hygino
918 3528 1167 3599 postremi
1204 3526 1567 3581 nominantur.

555 3611 665 3664 Sed
685 3612 907 3675 Noster,
932 3604 1071 3660 tedii
1103 3604 1346 3659 vincendi
1379 3624 1563 3673 causa,

553 3707 683 3754 eos,
723 3688 830 3741 aliis
883 3681 1194 3755 quibusdam
1238 3684 1564 3753 interjectis,

551 3763 905 3833 superioribus
937 3759 1082 3814 addit
1100 3797 1115 3825 ‚
1147 3769 1261 3811 tum
1292 3760 1566 3829 ingenioso

551 3850 859 3899 commento
879 3837 1197 3907 peculiarem
1219 3855 1407 3891 eorum
1430 3857 1563 3907 ope-

554 3935 673 3973 ram
689 3923 966 3968 memorat.
986 3939 1055 3953 —
1067 3913 1452 3977 Melana-hem,-
1476 3915 1565 3981 ju-

555 3997 681 4052 bam
701 4003 757 4048 et
780 3990 909 4062 pilos
932 3989 1132 4043 habens
1152 3988 1344 4058 nigros.
1366 3991 1466 4041 Ed.

506 4113 513 4122 .
616 4073 730 4142 ²34·
753 4071 1016 4123 Exierant.
1036 4066 1199 4121 Recte
1230 4064 1416 4120 Heins-
1431 4084 1564 4118 mo—

550 4165 643 4209 net
663 4195 678 4222 ,
708 4153 932 4208 verbum
960 4154 1099 4205 exin
1129 4157 1363 4204 sumtum
1396 4167 1505 4202 esse
1533 4168 1563 4202 a

1669 1811 1830 1869 Circo
1847 1853 1862 1882 ,
1887 1815 1976 1870 ubi
2009 1817 2130 1886 equi
2164 1818 2457 1873 carceribus
2484 1828 2666 1872 etant.

1671 1893 1940 1950 Ceterum
1964 1896 2066 1950 huc
2098 1899 2322 1967 respexit
2346 1897 2486 1951 haud
2521 1897 2668 1951 dubie

1668 1969 1900 2038 Seneca,
1923 1973 2044 2026 Nat.
2072 1973 2271 2042 Quoest.
2289 1973 2375 2026 lib.
2389 1974 2494 2041 111,
2517 1974 2670 2043 prol.:

1672 2051 1780 2115 Qui
1804 2054 2000 2104 tardius
2020 2053 2288 2117 'es-ebrani,
2279 2071 2292 2084 ·
2322 2072 2508 2105 mm
2538 2056 2670 2104 saelo-

1665 2131 1822 2180 citate
1854 2136 2089 2194 pensan!-
2130 2156 2200 2171 -
2243 2130 2422 2184 Nostri
2456 2129 2670 2184 Codices

1667 2202 1821 2274 Regii
1843 2203 2039 2258 liabent
2063 2211 2282 2269 etei-eut,
2313 2207 2455 2276 quod
2474 2218 2668 2278 pretu-

1664 2280 1853 2347 lerim‚
1896 2293 1956 2336 ut
1980 2283 2241 2336 reseratur
2274 2283 2339 2337 ad
2373 2284 2668 2340 Ore-sistro-

1661 2356 1830 2427 phum
1854 2358 2061 2424 solum,
2097 2361 2187 2428 qui
2211 2380 2377 2430 quum
2400 2382 2497 2432 per
2520 2382 2668 2417 com·-

1663 2434 1856 2504 pendia
1873 2438 2137 2490 montium
2155 2438 2405 2502 venisset,
2430 2446 2486 2493 1⁶ae
2509 2461 2663 2500 ινιιο.

1663 2512 1721 2566 id
1742 2523 1849 2581 est,
1883 2513 1939 2567 in
1974 2513 2238 2568 anteriore
2267 2528 2415 2586 parte
2450 2519 2669 2589 corporis

1666 2553 1918 2644 Actaedna
1941 2609 2207 2661 aggressus
2225 2602 2343 2660 est,
2391 2593 2522 2647 dum
2543 2596 2667 2648 Me-

1666 2665 1944 2723 lanchoetes
1957 2678 2012 2722 et
2026 2669 2372 2724 Theridamas
2385 2672 2628 2725 eumdem
2641 2691 2668 2724 a

1665 2756 1815 2818 tergo
1839 2748 2166 2802 adoriuntur.
2203 2751 2306 2803 Ed.
2330 2777 2399 2791 —-
2425 2754 2667 2819 Coa-pe·-

1665 2828 1802 2878 de'mae
1819 2866 1832 2888 ,
1861 2845 2020 2880 omne
2042 2827 2247 2880 herum
2265 2867 2281 2895 ,
2306 2828 2448 2897 quod
2467 2830 2522 2883 in
2546 2849 2668 2900 qua-

1664 2920 1891 2971 cumque
1915 2923 1974 2956 re
1997 2904 2166 2957 sacere
2182 2923 2484 2974 possumus,
2507 2906 2596 2960 sed
2615 2907 2664 2959 in

1664 2981 1846 3049 primis
1895 2980 1962 3035 de
2010 2982 2253 3038 breviore
2295 2984 2376 3039 via
2412 2987 2664 3048 occurrit,

1665 3075 1825 3126 quam
1849 3058 1964 3127 quis
1982 3099 1997 3126 ,
2021 3060 2323 3129 ambagibus
2345 3063 2536 3117 relictis
2555 3103 2570 3128 ‚
2593 3063 2662 3116 in·

1664 3135 1796 3188 sistit
1822 3154 1836 3188 :
1859 3135 1977 3190 vide
1998 3137 2261 3192 Schwars.
2285 3139 2350 3193 ad
2380 3141 2537 3194 Plinii
2560 3142 2662 3195 Pa-

1663 3229 1783 3282 neg.
1809 3232 1919 3282 cap.
1944 3228 2081 3282 xcv,
2107 3235 2157 3285 p.
2185 3217 2295 3282 488.
2322 3242 2392 3258 —-
2409 3219 2667 3285 Auta-3711!

1662 3298 1801 3345 viam
1822 3292 1866 3347 is
1877 3333 1892 3359 ,
1910 3294 1998 3362 qui
2025 3294 2248 3347 alterum
2264 3298 2544 3350 antevertit
2561 3315 2663 3351 cur·

1661 3390 1739 3425 su.
1757 3398 1827 3413 ——-
1840 3371 2007 3426 Iidem
2031 3371 2254 3428 Codices
2267 3376 2434 3428 nostri
2452 3415 2468 3441 ,
2485 3381 2666 3442 pta-1·-

1651 3454 1826 3516 pe'tata
1846 3456 1934 3503 w'a
1949 3459 2042 3503 est.
2065 3451 2345 3505 praesuret
2362 3459 2659 3520 aubi-W.

1659 3527 1703 3581 si
1727 3525 1898 3580 codd.
1919 3529 2110 3582 nostris
2142 3529 2429 3585 fulciretur.
2452 3531 2552 3583 BA.

1728 3606 1838 3660 238.
1854 3606 1952 3668 Et,
1978 3610 2032 3657 si
2047 3624 2148 3658 non
2168 3608 2386 3660 bombis
2406 3618 2530 3670 etc-3
2552 3625 2661 3663 ooo·

1657 3685 1742 3739 ser
1753 3703 1964 3739 versum
1975 3685 2074 3754 667
2088 3685 2203 3738 libri
2220 3687 2288 3740 11.
2299 3690 2518 3755 —Jngn
2527 3694 2652 3746 mla,

1659 3762 1715 3816 in
1733 3763 1918 3833 quibus
1937 3763 2118 3815 venari
2139 3764 2319 3817 solitus
2333 3765 2506 3818 suerat
2526 3762 2657 3817 :vide

1661 3838 1726 3893 ad
1752 3842 1810 3907 1,
1832 3842 1946 3908 37⁰·
1965 3866 2034 3880 -
2057 3842 2251 3894 Pose’tek
2273 3841 2431 3895 habet
2461 3841 2658 3895 Bonon-

1660 3935 1757 3987 pro
1782 3918 1983 3971 diversa
1999 3918 2236 3971 lectione.
2258 3916 2656 3986 Cetei-iwani&

1656 4021 1727 4037 —
1744 3997 1833 4049 Sic
1844 4007 1900 4050 et
1913 3998 2078 4050 nostri
2095 3996 2246 4067 Regii
2256 4036 2271 4063 ,
2280 4003 2469 4065 promit.
2490 4025 2557 4037 —
2572 3999 2657 4049 Pe·

1658 4078 1777 4127 51'1125
1791 4075 2028 4128 revocavi
2045 4093 2108 4127 ex
2121 4073 2258 4128 cod.
2272 4075 2482 4130 Bonon.
2498 4084 2548 4127 et
2563 4071 2656 4143 pla-

1657 4151 1767 4210 cuit
1784 4153 1943 4208 etiam
1969 4153 2210 4210 Heinsio.
2230 4158 2402 4210 Pmu
2411 4171 2572 4222 ecana
2589 4167 2652 4202 ²¹¹
