2975 4784
580 361 712 428 256

1133 358 1209 421 P.
1268 355 1625 424 0V1D11
1676 354 2140 423 NASONIS

579 502 670 574 Et
700 496 932 572 molles
963 495 1275 571 adhibere
1306 497 1576 597 preces!
1612 512 2244 600 naturarepngnan

581 618 717 691 Nec
750 614 912 690 sinit
936 613 1211 715 incipiat
1236 643 1253 687 ε
1281 612 1432 701 sed,
1470 611 1656 713 quod
1687 609 1879 700 sinit,
1915 610 2026 686 illa
2056 629 2279 712 parata
2302 626 2404 685 est

576 736 970 833 Exspectare
1005 758 1242 816 sonos,
1280 727 1366 801 ad
1397 755 1571 828 quos
1611 756 1730 802 sua
1760 729 1963 803 verba
1994 729 2303 803 remittat.

580 849 780 923 Forte
814 875 982 950 puer
1014 846 1332 919 comitum
1367 843 1677 919 seductus
1710 845 1794 917 ab
1829 843 2086 940 agmine
2119 843 2283 932 fido,

581 964 854 1038 Dixerat
874 1018 893 1050 ‚
928 961 1155 1062 ecquis
1190 960 1418 1034 adest?
1447 978 1549 1048 et,
1586 960 1809 1049 adest,
1845 960 2277 1061 responderat
2300 960 2504 1034 Echo.
2565 981 2677 1035 ⁴380

576 1079 709 1153 Hic
740 1095 998 1178 stupet;
1032 1094 1240 1177 utque
1275 1075 1479 1150 aciem
1512 1095 1735 1175 partes
1768 1074 2017 1147 dimisit
2049 1074 2122 1146 in
2158 1101 2387 1148 omnes
2407 1131 2428 1162 ‚

578 1196 800 1280 Voce,
835 1192 1023 1280 veni,
1057 1191 1291 1266 clamat
1323 1219 1561 1288 magna
1587 1221 1605 1263 ε
1634 1209 1826 1265 vocat
1855 1190 1971 1265 illa
1997 1208 2362 1266 vocantem.

584 1309 885 1410 Respicit
916 1337 932 1381 ε
960 1325 1027 1382 et
1057 1304 1244 1380 nullo
1279 1334 1509 1379 rursus
1535 1306 1832 1380 veniente
1852 1361 1871 1394 ‚
1908 1305 2070 1407 quid
2089 1362 2109 1393 ‚
2142 1306 2403 1407 inquit,

579 1427 696 1499 Me
727 1423 905 1520 sugis
932 1425 962 1498 ?
998 1441 1067 1497 et
1095 1421 1405 1510 totidem,
1444 1438 1611 1522 quot
1642 1421 1811 1496 dixit
1830 1477 1849 1510 ‚
1882 1420 2084 1496 verba
2117 1422 2391 1523 recepit.

580 1544 879 1626 Perstat;
918 1557 1022 1626 et,
1059 1538 1325 1613 alternae
1357 1534 1670 1639 deceptus
1705 1537 1984 1634 imagine
2015 1538 2197 1611 vocis
2216 1594 2235 1625 ,
2598 1558 2680 1610 385

585 1658 736 1730 Huc
774 1682 1118 1744 coeamuS,
1154 1655 1247 1728 ait
1277 1684 1293 1729 :
1324 1652 1625 1755 nullique
1658 1651 1975 1727 libentius
2010 1680 2304 1752 unquam

581 1775 1009 1871 Responsura
1043 1798 1216 1843 sono
1234 1826 1254 1857 ‚
1292 1796 1630 1856 coeamus,
1668 1766 1927 1842 rettulit
1955 1767 2142 1841 Echo
2170 1799 2188 1842 :

581 1896 674 1967 Et
702 1891 922 1966 verbis
955 1890 1130 1965 favet
1162 1891 1311 1992 ipsa
1344 1891 1519 1978 suis;
1552 1918 1937 1990 egressaque
1978 1888 2159 1963 silvis

587 2017 780 2105 Ibat,
815 2033 896 2089 ut
924 2013 1221 2115 injiceret
1252 2030 1517 2116 sperato
1547 2013 1819 2088 brachia
1849 2011 2045 2088 collo.

590 2234 718 2279 mm
747 2215 931 2268 confer
944 2231 1060 2283 quae
1076 2210 1298 2267 diximus
1312 2212 1376 2266 ad
1395 2214 1472 2281 11,
1498 2215 1606 2267 ηδ.

593 2292 745 2347 Idem
786 2293 1128 2346 Burmannus
1163 2295 1398 2345 adbibere
1433 2312 1609 2360 preces

594 2369 796 2438 publica
816 2369 986 2422 forma
1004 2368 1202 2423 dictum
1223 2379 1388 2438 putat.
1409 2397 1478 2410 --
1499 2370 1607 2423 Pro

587 2449 824 2500 adhibere
842 2488 855 2510 ,
901 2465 1040 2500 unus
1065 2454 1267 2500 tentare.
1291 2474 1360 2486 —-
1387 2447 1574 2499 Molles
1587 2485 1603 2512 ,

595 2525 780 2595 quibus
802 2523 1114 2577 molliuntur
1137 2534 1348 2594 pectora
1362 2523 1508 2578 dura.
1526 2524 1606 2578 Si-

592 2602 729 2657 milis
765 2602 906 2656 locus
932 2601 1106 2656 Tibul.
1138 2601 1251 2669 111,
1286 2618 1377 2668 tv,
1409 2605 1469 2674 75
1495 2605 1609 2658 :Ne

590 2683 767 2733 dubita
809 2682 1029 2732 blandas
1073 2681 1310 2732 adhibete
1341 2682 1566 2747 querelas
1589 2721 1604 2743 ,

603 2763 884 2814 Vincuntur
902 2762 1049 2811 molli
1061 2766 1268 2826 pectora
1303 2762 1430 2811 dara
1443 2780 1606 2827 prece.

660 2839 772 2910 379.
796 2839 939 2889 Fido.
962 2836 1211 2890 Solemne
1226 2838 1481 2890 comitum
1496 2838 1612 2907 epi-

596 2915 809 2979 thetum
836 2933 961 2985 ergo
995 2924 1203 2967 tantum
1229 2925 1397 2967 ornat.
1423 2942 1491 2958 —·
1518 2916 1610 2967 Se-

596 2998 808 3057 ductus‚·
839 2993 1181 3046 aberraverat.
1210 2991 1459 3061 Sequitur
1488 2993 1609 3046 col-

596 3068 833 3137 loquium
849 3087 971 3123 cum
988 3067 1135 3122 Echo
1148 3108 1163 3135 ,
1182 3088 1411 3138 quocum
1427 3071 1613 3124 confer

600 3144 1191 3217 Aristophffhesmoph.
1200 3146 1323 3201 1065
1337 3166 1446 3216 sqq.
1458 3146 1612 3217 Saepe

601 3222 825 3277 Graeculi
840 3225 1109 3294 pueriliter
1120 3226 1193 3282 sic
1203 3225 1469 3280 ludebant.
1487 3226 1611 3279 Vid.

606 3300 826 3353 Ramler
848 3302 913 3355 ad
938 3304 1165 3358 Martial.
1192 3305 1246 3358 11
1270 3345 1285 3373 ,
1313 3320 1514 3357 Lxxxv1
1531 3343 1546 3371 ,
1564 3304 1611 3357 3.

603 3378 710 3433 Sed
738 3378 790 3432 h.
824 3378 856 3433 l.
894 3383 1194 3450 probandus
1219 3393 1297 3437 est
1318 3383 1402 3436 ille
1430 3383 1574 3451 jocus
1598 3404 1613 3445 ς

604 3476 688 3510 res
730 3456 874 3509 enim
912 3457 984 3510 ita
1025 3459 1345 3513 instituenda
1369 3469 1521 3525 erat,
1557 3465 1618 3510 ut

607 3534 754 3587 Echo
779 3534 1167 3588 accommodate
1202 3536 1267 3589 ad
1290 3537 1425 3592 hanc
1456 3537 1616 3593 sabu—

608 3609 711 3662 lam
725 3624 968 3666 naturam
982 3630 1129 3664 suam
1143 3614 1417 3669 ostendere
1432 3626 1617 3686 posset.

606 3713 675 3725 —
689 3689 743 3738 A
743 3693 864 3741 ciem
878 3692 1084 3741 dimisit.
1097 3686 1256 3743 Unus
1270 3693 1455 3755 divini,
1477 3691 1619 3762 quod

607 3763 777 3832 placet
800 3765 1023 3820 Heinsio
1048 3805 1062 3832 ,
1100 3767 1189 3834 qui
1223 3770 1454 3839 exempla
1482 3791 1621 3841 sup-

609 3841 808 3913 peditat
822 3883 836 3910 ,
882 3844 940 3897 in
975 3846 1161 3914 quibus
1194 3848 1410 3898 dividere
1440 3868 1611 3910 aures,

611 3929 832 3977 menlem.
858 3949 926 3963 —-
961 3924 1140 3976 Lectio
1178 3926 1353 3976 dmm
1374 3944 1485 3978 non
1521 3948 1622 3998 ge-

614 4002 792 4056 nuina.
815 4004 1080 4059 Dimillere
1096 4005 1269 4056 oculos
1286 4043 1300 4065 ‚
1327 4010 1464 4058 acin
1478 4047 1491 4066 ‚
1517 4007 1624 4060 sre-

617 4081 859 4151 quentius
875 4080 1011 4152 apud
1026 4080 1301 4152 scriptores
1313 4080 1514 4138 dicitur.
1529 4087 1623 4138 Ed.

1701 2241 1769 2254 —-
1789 2216 1970 2269 Acien
1998 2216 2198 2267 donae?
2214 2252 2230 2277 ‚
2272 2212 2454 2266 oculos
2487 2207 2681 2272 direxit,

1702 2289 2077 2359 circumspexit.
2089 2288 2248 2356 vul,
2257 2308 2275 2340 ι
2285 2291 2351 2360 89
2362 2308 2376 2340 ε
2388 2290 2583 2355 Ignotus
2597 2291 2684 2336 ani·

1702 2387 1834 2420 mam
1856 2371 2101 2421 dimittere
2121 2372 2177 2419 ia
2199 2373 2351 2418 artes.
2379 2367 2686 2420 Burmannus

1703 2446 1984 2502 formulam
2007 2467 2036 2501 e
2061 2467 2118 2500 re
2143 2445 2357 2499 militari
2383 2444 2586 2499 ductam
2608 2460 2686 2493 ar-

1701 2526 2006 2579 bitrabatur.
2034 2526 2156 2579 Non
2184 2535 2330 2594 puto.

1770 2603 1883 2657 385.
1919 2605 2145 2657 Alteraae
2166 2608 2306 2656 wer}
2323 2606 2496 2671 chugo
2515 2642 2527 2664 ,
2553 2597 2691 2652 Echo.

1706 2679 1856 2751 Virg.
1876 2680 2071 2751 Georg.
2093 2682 2194 2748 IV,
2221 2684 2286 2733 50
2303 2720 2318 2746 ‚
2352 2687 2500 2735 vocis
2520 2678 2691 2748 assensa

1704 2763 1885 2826 imago.
1912 2759 2098 2812 Horat.
2124 2759 2151 2812 Ι
2173 2799 2187 2826 ,
2212 2758 2321 2814 Od.
2339 2776 2437 2821 xx,
2473 2781 2519 2830 7,
2531 2760 2693 2826 jocose

1706 2844 1884 2904 imago.
1899 2864 1967 2877 —-
1981 2839 2225 2890 Cocamus
2238 2878 2252 2898 ,
2288 2847 2341 2890 et
2360 2857 2486 2892 mox
2500 2877 2515 2904 ,
2536 2843 2602 2889 sil
2617 2836 2699 2885 tibi

1706 2921 1854 2982 copia
1884 2920 2058 2969 nostri.
2093 2915 2226 2969 Haec
2252 2914 2358 2968 duo
2386 2914 2570 2986 duplici
2594 2929 2695 2966 sen·

1706 3014 1766 3048 su
1783 3033 1798 3061 ,
1823 2992 2045 3047 naturali
2070 3003 2125 3047 et
2140 3013 2367 3048 venereo
2387 2989 2694 3064 intelligenda

1707 3085 1831 3128 sunt
1847 3114 1862 3142 ‚
1890 3085 1950 3127 ut
1967 3094 2097 3129 vers.
2117 3077 2213 3141 415
2231 3079 2350 3127 silis
2371 3078 2533 3128 altera
2553 3074 2693 3126 cresil-

1709 3152 1809 3206 Ed.
1841 3180 1909 3194 -
1951 3155 2169 3207 Rettulit
2199 3156 2358 3207 Echo.
2382 3154 2692 3207 Burmann-2

1708 3250 1831 3284 cum
1855 3223 1966 3285 tino
1988 3231 2136 3284 malit
2157 3232 2402 3292 reddidit,
2426 3231 2546 3301 quia
2564 3245 2692 3282 verm

1710 3308 1806 3378 392
1820 3307 2056 3376 sequitur
2069 3311 2273 3359 rellalil.
2282 3335 2350 3347 —-·
2364 3307 2513 3377 Regii
2526 3306 2694 3359 habent

1710 3388 1918 3436 rettulit.
1928 3412 1995 3425 —
2006 3385 2163 3436 Fare!
2171 3390 2286 3452 ipsa
2297 3426 2311 3448 ‚
2338 3385 2399 3439 iis
2417 3384 2693 3442 delectatur,

1712 3463 1821 3532 ipsa
1844 3463 2011 3532 placet
2044 3462 2138 3516 sibi
2170 3475 2388 3533 propter
2423 3464 2574 3517 verba
2604 3478 2695 3515 sua·

1715 3538 1839 3593 Vid.
1855 3539 1938 3592 lib.
1958 3539 2011 3593 II
2032 3539 2213 3593 Amor.
2233 3541 2303 3607 V,
2329 3561 2351 3594 1
2365 3563 2380 3594 ι
2401 3546 2697 3605 zamam&

1715 3615 1958 3684 suostwe!
1969 3620 2057 3669 ille
2061 3620 2236 3671 dolori.
2251 3645 2318 3659 --
2329 3620 2491 3672 Siloa.
2501 3615 2701 3670 Codices

1717 3699 1899 3769 Regii,
1927 3703 2058 3751 silva
2077 3716 2096 3763 ,·
2125 3719 2313 3769 parum
2336 3701 2508 3754 refert.
2535 3698 2626 3750 lu.
2645 3718 2703 3733 ·-·

1718 3779 1923 3846 Speralo
1957 3781 2101 3832 collo.
2139 3779 2228 3832 Sic
2254 3791 2308 3834 et
2340 3780 2506 3850 Regii.
2534 3777 2703 3834 Unus.

1717 3860 1923 3921 captato
1943 3894 1958 3916 ,
2011 3855 2152 3925 quod
2203 3856 2369 3926 placet
2416 3853 2623 3909 Heinsio
2655 3858 2705 3900 el

1719 3930 2052 3993 Burmanno.
2083 3934 2258 3986 Immo
2281 3941 2477 4002 sperato
2495 3941 2564 3986 cst
2588 3946 2702 3980 me·-

1719 4010 1832 4065 lius.
1847 4014 2100 4081 Speratum
2125 4013 2270 4067 enim
2285 4013 2526 4067 solemnis
2542 4027 2632 4060 vox
2646 4005 2707 4059 de

1721 4090 2038 4144 amantibus:
2050 4090 2125 4158 11,
2138 4092 2252 4160 862,
2265 4097 2462 4161 spemla
2476 4090 2707 4154 ιηΙιφΙίὸῐ
