2975 4784
580 276 713 362 466

1119 276 1197 341 Ρ.
1258 277 1620 343 OVIDII
1678 276 2130 346 NASONIS

582 451 618 482 »
659 416 784 491 Cui
818 414 909 488 sis
939 429 1148 513 nupta
1183 411 1367 500 vide,
1406 412 1749 488 Pandione
1785 431 1937 488 nata
1960 469 1983 501 ,
2020 413 2300 503 marito;

588 565 623 595 »
663 532 1035 623 Degeneras
1063 556 1078 599 z
1108 524 1323 600 scelus
1353 544 1454 601 est
1483 527 1694 628 pietas
1729 527 1802 599 in
1834 526 2112 625 conjuge
2135 529 2366 603 Tereo.
2404 565 2439 596 n

2588 555 2685 608 635

577 648 717 719 Nec
746 671 962 730 mora,
993 642 1193 714 traxit
1221 643 1373 742 Ityn
1394 697 1413 726 ,
1444 640 1647 716 veluti
1692 642 2049 739 Gangetica
2077 670 2277 718 cervae

574 763 951 833 Lactentem
987 757 1220 832 foetum
1245 786 1364 858 per
1397 755 1593 830 silvas
1628 758 1819 854 tigris
1854 776 2109 858 opacas.

574 878 799 975 thue
833 872 1071 947 domus
1106 871 1250 949 altae
1281 889 1533 972 partem
1573 889 1837 945 tenuere
1869 889 2224 959 remotam;

573 989 1110 1088 Tendentemque
1145 1016 1377 1062 manus
1396 1043 1415 1075 ‚
1452 1004 1520 1061 et
1542 987 1672 1086 jam
1707 1016 1827 1062 sua
1858 986 1989 1062 fata
2019 987 2341 1063 videntem
2364 1047 2385 1078 ,

570 1109 659 1180 Et
690 1120 919 1190 mater,
956 1109 1193 1176 mater!
1223 1092 1611 1177 clamantem
1632 1159 1651 1191 ‚
1686 1120 1751 1176 et
1785 1101 1957 1176 colla
1990 1120 2356 1203 petentem,

2578 1130 2678 1196 640

568 1223 745 1294 Ense
781 1219 935 1293 ferit
968 1220 1261 1305 Procne,
1290 1217 1477 1291 lateri
1514 1247 1643 1318 qua
1676 1235 1907 1318 pectus
1932 1217 2250 1305 adhaeret;

570 1338 707 1409 Nec
735 1334 989 1408 vultum
1026 1334 1258 1408 avertit
1288 1363 1304 1406 ε
1335 1333 1496 1408 satis
1527 1332 1623 1406 illi
1660 1332 1743 1408 ad
1775 1333 1909 1408 sata
1937 1333 2041 1409 vel
2071 1363 2279 1409 unum

568 1450 832 1526 Vulnus
868 1467 1006 1524 erat
1035 1481 1050 1523 τ
1082 1447 1387 1548 jugulum
1424 1449 1600 1523 ferro
1636 1448 2003 1523 Philomela
2040 1449 2349 1538 resolvit;

564 1566 860 1667 Vivaque
895 1565 1109 1640 adhuc
1132 1621 1152 1652 ‚
1186 1564 1549 1665 animaeque
1583 1563 1837 1665 aliquid
1867 1565 2215 1640 retinentia
2239 1565 2527 1639 membra

565 1680 906 1755 Dilaniant
936 1711 952 1753 :
985 1708 1139 1780 pars
1177 1678 1330 1753 inde
1366 1680 1540 1752 cavis
1573 1679 1857 1754 exsultat
1894 1681 2160 1769 ahenis;

2578 1702 2667 1769 64⁵

563 1796 727 1868 Pars
758 1793 1047 1867 verubus
1083 1793 1320 1867 stridet
1348 1823 1363 1864 :
1395 1812 1665 1868 manant
1693 1793 2052 1894 penetralia
2086 1795 2263 1869 tabo.

561 1919 688 1992 His
721 1917 994 1991 adhibet
1026 1916 1268 2013 conjux
1302 1916 1606 2009 ignarum
1638 1918 1846 1990 Terea
1876 1917 2121 1992 mensis
2142 1973 2161 2005 ‚

561 2044 650 2115 Et
683 2039 878 2141 patrii
910 2038 1117 2112 moris
1153 2065 1408 2111 sacrum
1439 2038 1748 2126 mentita,
1788 2039 1973 2139 quod
2003 2040 2122 2114 uni

559 2166 687 2239 Fas
721 2164 809 2236 sit
842 2162 1019 2236 adire
1047 2162 1222 2248 viro,
1256 2160 1530 2234 comites
1563 2160 1979 2263 famulosque
2012 2165 2304 2238 removit.

559 2286 722 2360 Inde
756 2285 989 2359 sedens
1030 2280 1200 2356 solio
1235 2284 1483 2361 Tereus
1518 2281 1823 2357 sublimis
1859 2285 2034 2359 avito
2567 2310 2658 2361 650

560 2407 900 2494 Vescitur,
942 2405 1143 2504 inque
1180 2431 1366 2476 suam
1399 2431 1520 2477 sua
1549 2405 1799 2479 viscera
1831 2407 2132 2502 congerit
2155 2405 2390 2481 alvum.

621 2617 734 2684 634.
760 2617 1022 2669 Pandione
1039 2622 1213 2666 nolam
1230 2632 1284 2667 oe
1307 2623 1454 2668 vocat
1468 2652 1482 2678 ,
1513 2624 1570 2667 ut

558 2716 590 2751 a
622 2714 811 2766 genere
849 2691 1169 2746 fortitudinis
1198 2692 1435 2746 stimulos
1468 2712 1570 2746 su-

557 2786 683 2828 mat.
713 2774 856 2827 Hinc
881 2769 1057 2837 addit,
1082 2774 1366 2838 degeneras.
1405 2772 1571 2825 Non-

557 2853 687 2907 nulli
709 2855 920 2919 degener
936 2852 1006 2902 ab
1019 2889 1033 2910 ,
1068 2860 1157 2902 aut
1178 2851 1281 2913 ka,-
1310 2846 1572 2902 Gruterus

560 2930 784 2985 malebat
825 2932 1035 2997 degener
1080 2930 1157 2980 ad
1192 2931 1373 2979 scelus.
1419 2926 1573 2996 Regii

558 3010 722 3063 nostri
742 3049 757 3073 ,
783 3010 1066 3074 degeneras.
1080 3006 1339 3057 —Pielas
1357 3009 1410 3056 in
1437 3023 1571 3056 con-

550 3089 690 3155 juge.
711 3084 894 3137 Codex
919 3084 1113 3153 Regius
1129 3083 1176 3135 A
1194 3121 1209 3149 ,
1231 3101 1259 3134 a
1279 3083 1447 3152 prima
1463 3101 1572 3135 ma·

559 3183 635 3217 nu
650 3202 666 3229 ‚
691 3162 848 3215 habet
861 3167 1031 3228 pietas
1061 3181 1173 3214 cum
1195 3160 1433 3228 conjug&
1463 3177 1571 3228 po-

558 3252 660 3297 test
698 3241 872 3309 recipi.
897 3243 995 3293 Ed.
1019 3268 1087 3278 —
1118 3240 1279 3291 Cerea
1310 3242 1572 3291 lactentem

550 3320 746 3388 fetum.
767 3315 1089 3385 periphrasis
1112 3327 1190 3369 est
1203 3313 1422 3368 hinnuli.
1440 3316 1539 3368 Ed.

623 3399 738 3452 638.
772 3399 967 3449 Domus
989 3398 1136 3457 altae3
1166 3404 1279 3447 erat
1303 3394 1445 3447 enim
1474 3412 1571 3445 re-

558 3476 655 3545 gia.
668 3501 736 3515 --
746 3477 947 3528 Partem
971 3477 1206 3522 remotam
1223 3486 1239 3534 ,⁰
1259 3467 1570 3538 penetralia:

558 3552 674 3606 vide
689 3571 820 3605 vers.
834 3547 1085 3614 (iffi—Et
1103 3554 1263 3599 mater
1276 3587 1289 3607 ,
1320 3558 1414 3600 etc.
1432 3548 1562 3609 Eia,

563 3631 705 3700 quod
729 3628 1043 3683 blandientis
1057 3636 1162 3691 est,
1179 3625 1421 3679 clamasse
1445 3646 1574 3696 pue-

560 3728 681 3777 rum
706 3710 812 3778 jam
829 3727 920 3761 sua
935 3708 1037 3760 sata
1059 3703 1324 3771 videntem
1341 3745 1355 3769 ‚
1371 3705 1452 3757 vix
1466 3725 1573 3759 cre·

559 3784 801 3839 diderim.
823 3784 1080 3840 Revocavi
1096 3801 1222 3852 ergo
1249 3803 1262 3835 ι
1290 3786 1367 3835 ΕΙ
1386 3793 1567 3847 mater,

563 3869 742 3914 nater:
768 3866 1081 3923 clamantem,
1103 3858 1240 3929 quod
1257 3858 1448 3920 habent
1463 3879 1574 3912 om·

562 3958 656 3994 nes
679 3939 840 3992 MSS.
858 3951 1048 4008 prater
1069 3957 1236 3993 unum
1263 3937 1571 4006 Neapolita-

547 4036 711 4088 -num,
723 4017 778 4073 in
791 4035 896 4086 quo
907 4022 1010 4072 Eia
1023 4018 1230 4088 legitur,
1246 4015 1387 4070 unde
1403 4017 1571 4071 Hein-

1666 2617 1776 2671 sius
1795 2619 1978 2672 sumsit
1996 2657 2011 2683 ,
2035 2619 2119 2672 cui
2146 2618 2230 2672 illa
2263 2638 2361 2673 vox
2383 2619 2525 2673 valde
2548 2621 2657 2690 pla-

1665 2695 1825 2748 cuisse
1838 2694 2533 2764 videture-Collaepetenten.
2547 2696 2657 2749 Me·

1666 2770 1840 2824 diceus
1850 2810 1865 2836 ,
1883 2774 2016 2823 colla
2023 2780 2322 2840 premente·
2334 2814 2349 2835 ,
2366 2773 2501 2842 quod
2518 2792 2654 2842 posse

1667 2846 1869 2901 admitti
1904 2848 2245 2904 Burmannus
2286 2862 2466 2904 censet.
2512 2851 2653 2921 Regii

1665 2926 1829 2978 nostri
1857 2924 2052 2980 habent
2065 2935 2330 2994 petentem.

1731 3003 1844 3069 642.
1875 3004 2100 3073 Adfata
2112 3046 2123 3067 ,
2146 3005 2211 3058 ad
2226 3018 2535 3060 mortem—
2546 3008 2653 3060 Au·-

1667 3099 1799 3132 mam
1815 3099 1909 3133 sen
1924 3082 2083 3133 vitam
2097 3084 2329 3137 retinent
2340 3086 2573 3138 membra
2586 3106 2651 3148 ea,

1668 3178 1784 3228 quae
1822 3157 1989 3212 adhuc
2029 3159 2296 3230 palpitant.
2314 3191 2382 3203 —
2401 3166 2654 3217 Exsulta

1669 3246 1722 3289 et
1746 3236 1811 3289 de
1844 3256 1976 3305 aqua
2000 3238 2235 3292 fervente
2251 3279 2268 3306 ,
2292 3251 2353 3293 ut
2378 3240 2516 3307 Vll,
2544 3242 2652 3303 253,

1668 3328 1724 3370 et
1746 3315 1810 3368 de
1840 3316 2079 3370 carnibus
2096 3358 2111 3382 ‚
2137 3337 2254 3388 que
2278 3339 2411 3389 aqna
2437 3323 2652 3375 fervenu

1669 3393 1945 3446 molliuntu
1952 3394 2213 3450 r.Conser.
2224 3397 2443 3464 Senem,
2458 3398 2653 3469 Thyest.

1671 3471 1765 3540 765
1784 3490 1973 3541 sqq.—·
1986 3475 2112 3526 Inde
2125 3514 2138 3533 .
2156 3494 2218 3527 ex
2237 3476 2387 3545 pueri
2408 3475 2651 3530 membds-

1668 3548 1941 3601 -Meaese‘s
1956 3590 1968 3609 ‚
2001 3550 2178 3620 epulis.

1732 3626 1844 3679 650.
1878 3628 2003 3679 Iade
2019 3630 2211 3681 sedens.
2236 3625 2461 3682 Codices
2480 3629 2651 3691 nostri.

1665 3708 1776 3769 ipse
1795 3706 1999 3769 ,πράως
2025 3705 2226 3774 gravina
2249 3716 2392 3758 certe
2417 3718 2473 3760 et
2494 3708 2649 3773 mio-

1667 3801 1779 3835 rem
1805 3783 2002 3851 spirans
2016 3783 2319 3853 emphasim.
2346 3788 2449 3838 Ed.
2470 3815 2535 3826 —
2552 3788 2651 3838 Vis-

1666 3880 1812 3925 cera‚·
1835 3859 1949 3913 vide
1973 3860 2035 3912 ad
2064 3861 2130 3927 V,
2163 3864 2237 3915 18.
2261 3862 2503 3917 Imitatus
2526 3864 2649 3916 Nos-

1667 3949 1808 3992 trum
1841 3950 1917 3995 est
1940 3940 2178 3994 Valerius
2202 3941 2465 3996 Maximus
2482 3983 2499 4009 ,
2525 3940 2617 3993 Vll
2631 3979 2649 4003 ,

1664 4017 1697 4070 G
1725 4037 1738 4072 :
1761 4038 1857 4088 qno
1877 4022 2072 4072 diutins
2088 4020 2526 4089 unctulum-ntus
2540 4022 2645 4071 uit-
