<?xml version="1.0" encoding="UTF-8"?>
<!DOCTYPE html PUBLIC "-//W3C//DTD XHTML 1.0 Transitional//EN"
    "http://www.w3.org/TR/xhtml1/DTD/xhtml1-transitional.dtd">
<html xmlns="http://www.w3.org/1999/xhtml" xml:lang="en" lang="en">
 <head>
  <title>
</title>
<meta http-equiv="Content-Type" content="text/html;charset=utf-8" />
  <meta name='ocr-system' content='tesseract 3.04.00' />
  <meta name='ocr-capabilities' content='ocr_page ocr_carea ocr_par ocr_line ocrx_word'/>
</head>
<body>
  <div class='ocr_page' id='page_1' title='image "./publiiovidiinas04unkngoog_0052.png"; bbox 0 0 2975 4784; ppageno 0'>
   <div class='ocr_carea' id='block_1_1' title="bbox 505 358 2623 601">
    <p class='ocr_par' dir='ltr' id='par_1_1' title="bbox 505 358 2623 601">
     <span class='ocr_line' id='line_1_1' title="bbox 510 358 1842 428; baseline 0.001 -2"><span class='ocrx_word' id='word_1_1' title='bbox 510 382 595 426; x_wconf 82' lang='lat'><strong>20</strong></span> <span class='ocrx_word' id='word_1_2' title='bbox 1276 358 1842 428; x_wconf 66' lang='lat' dir='ltr'>PRAEFATIO</span> 
     </span>
     <span class='ocr_line' id='line_1_2' title="bbox 505 456 2623 601; baseline 0.002 -29"><span class='ocrx_word' id='word_1_3' title='bbox 505 497 676 572; x_wconf 86' lang='lat' dir='ltr'><strong>sedis</strong></span> <span class='ocrx_word' id='word_1_4' title='bbox 692 495 963 571; x_wconf 69' lang='lat' dir='ltr'><strong>caelestis</strong></span> <span class='ocrx_word' id='word_1_5' title='bbox 989 495 1339 598; x_wconf 77' lang='lat' dir='ltr'>descriptio</span> <span class='ocrx_word' id='word_1_6' title='bbox 1357 554 1376 587; x_wconf 91' lang='lat'>,</span> <span class='ocrx_word' id='word_1_7' title='bbox 1403 526 1524 572; x_wconf 88' lang='lat' dir='ltr'><strong>nec</strong></span> <span class='ocrx_word' id='word_1_8' title='bbox 1544 456 1919 600; x_wconf 50' lang='lat' dir='ltr'><strong>quistium,</strong></span> <span class='ocrx_word' id='word_1_9' title='bbox 1952 499 2047 571; x_wconf 87' lang='lat' dir='ltr'><strong>IV</strong></span> <span class='ocrx_word' id='word_1_10' title='bbox 2068 552 2088 586; x_wconf 90' lang='lat'>,</span> <span class='ocrx_word' id='word_1_11' title='bbox 2131 496 2264 599; x_wconf 87' lang='lat'><strong>787</strong></span> <span class='ocrx_word' id='word_1_12' title='bbox 2296 528 2441 601; x_wconf 87' lang='lat' dir='ltr'><strong>sqq.</strong></span> <span class='ocrx_word' id='word_1_13' title='bbox 2460 556 2480 590; x_wconf 85' lang='lat'>,</span> <span class='ocrx_word' id='word_1_14' title='bbox 2513 500 2623 576; x_wconf 81' lang='lat' dir='ltr'><strong>illa</strong></span> 
     </span>
    </p>
   </div>
   <div class='ocr_carea' id='block_1_2' title="bbox 658 690 2142 875">
    <p class='ocr_par' dir='ltr' id='par_1_2' title="bbox 658 690 2142 875">
     <span class='ocr_line' id='line_1_3' title="bbox 660 690 2004 777; baseline 0.001 -25"><span class='ocrx_word' id='word_1_15' title='bbox 660 691 952 772; x_wconf 84' lang='lat' dir='ltr'><strong>Eripuisse</strong></span> <span class='ocrx_word' id='word_1_16' title='bbox 980 705 1147 772; x_wconf 83' lang='lat' dir='ltr'><strong>caput</strong></span> <span class='ocrx_word' id='word_1_17' title='bbox 1180 690 1331 752; x_wconf 88' lang='lat' dir='ltr'><strong>collo</strong></span> <span class='ocrx_word' id='word_1_18' title='bbox 1351 735 1370 767; x_wconf 91' lang='lat'>,</span> <span class='ocrx_word' id='word_1_19' title='bbox 1402 694 1718 773; x_wconf 76' lang='lat' dir='ltr'>pennisque</span> <span class='ocrx_word' id='word_1_20' title='bbox 1752 692 2004 777; x_wconf 82' lang='lat' dir='ltr'><strong>fugacem</strong></span> 
     </span>
     <span class='ocr_line' id='line_1_4' title="bbox 658 789 2142 875; baseline 0.002 -25"><span class='ocrx_word' id='word_1_21' title='bbox 658 789 919 873; x_wconf 80' lang='lat' dir='ltr'>Pegason</span> <span class='ocrx_word' id='word_1_22' title='bbox 944 802 1004 849; x_wconf 90' lang='lat' dir='ltr'><strong>et</strong></span> <span class='ocrx_word' id='word_1_23' title='bbox 1028 789 1253 851; x_wconf 77' lang='lat' dir='ltr'><strong>fratrem</strong></span> <span class='ocrx_word' id='word_1_24' title='bbox 1272 833 1291 866; x_wconf 89' lang='lat'>,</span> <span class='ocrx_word' id='word_1_25' title='bbox 1318 791 1510 850; x_wconf 77' lang='lat' dir='ltr'><strong>matris</strong></span> <span class='ocrx_word' id='word_1_26' title='bbox 1543 790 1613 850; x_wconf 87' lang='lat' dir='ltr'><strong>de</strong></span> <span class='ocrx_word' id='word_1_27' title='bbox 1640 792 1911 875; x_wconf 78' lang='lat' dir='ltr'><strong>sanguine</strong></span> <span class='ocrx_word' id='word_1_28' title='bbox 1943 803 2142 869; x_wconf 82' lang='lat' dir='ltr'><strong>natos,</strong></span> 
     </span>
    </p>
   </div>
   <div class='ocr_carea' id='block_1_3' title="bbox 480 958 2623 3975">
    <p class='ocr_par' dir='ltr' id='par_1_3' title="bbox 480 958 2623 3193">
     <span class='ocr_line' id='line_1_5' title="bbox 498 958 2621 1067; baseline 0.003 -25"><span class='ocrx_word' id='word_1_29' title='bbox 498 968 638 1043; x_wconf 86' lang='lat' dir='ltr'><strong>sine</strong></span> <span class='ocrx_word' id='word_1_30' title='bbox 680 967 956 1042; x_wconf 87' lang='lat' dir='ltr'><strong>aliorum</strong></span> <span class='ocrx_word' id='word_1_31' title='bbox 996 986 1336 1042; x_wconf 90' lang='lat' dir='ltr'><strong>auctorum</strong></span> <span class='ocrx_word' id='word_1_32' title='bbox 1380 967 1757 1067; x_wconf 88' lang='lat' dir='ltr'><strong>adjumento</strong></span> <span class='ocrx_word' id='word_1_33' title='bbox 1803 965 2144 1067; x_wconf 83' lang='lat' dir='ltr'><strong>intelliget.</strong></span> <span class='ocrx_word' id='word_1_34' title='bbox 2201 958 2423 1046; x_wconf 79' lang='lat' dir='ltr'><strong>Etiam</strong></span> <span class='ocrx_word' id='word_1_35' title='bbox 2465 973 2621 1049; x_wconf 90' lang='lat' dir='ltr'><strong>alibi</strong></span> 
     </span>
     <span class='ocr_line' id='line_1_6' title="bbox 494 1074 2623 1196; baseline 0.002 -26"><span class='ocrx_word' id='word_1_36' title='bbox 494 1097 756 1171; x_wconf 82' lang='lat' dir='ltr'><strong>festinat</strong></span> <span class='ocrx_word' id='word_1_37' title='bbox 783 1074 1009 1182; x_wconf 77' lang='lat' dir='ltr'><strong>nimi8‚</strong></span> <span class='ocrx_word' id='word_1_38' title='bbox 1042 1094 1418 1196; x_wconf 87' lang='lat' dir='ltr'><strong>omittitque</strong></span> <span class='ocrx_word' id='word_1_39' title='bbox 1448 1121 1584 1168; x_wconf 94' lang='lat' dir='ltr'><strong>non</strong></span> <span class='ocrx_word' id='word_1_40' title='bbox 1613 1092 1970 1168; x_wconf 88' lang='lat' dir='ltr'><strong>omittenda</strong></span> <span class='ocrx_word' id='word_1_41' title='bbox 1988 1152 2006 1183; x_wconf 97' lang='lat'>,</span> <span class='ocrx_word' id='word_1_42' title='bbox 2047 1095 2222 1171; x_wconf 86' lang='lat' dir='ltr'><strong>unde</strong></span> <span class='ocrx_word' id='word_1_43' title='bbox 2256 1097 2623 1175; x_wconf 82' lang='lat' dir='ltr'>obscuritas</span> 
     </span>
     <span class='ocr_line' id='line_1_7' title="bbox 496 1218 2619 1321; baseline 0.002 -24"><span class='ocrx_word' id='word_1_44' title='bbox 496 1224 722 1297; x_wconf 87' lang='lat' dir='ltr'><strong>oritur.</strong></span> <span class='ocrx_word' id='word_1_45' title='bbox 755 1264 831 1277; x_wconf 93' lang='lat'><em>-</em></span> <span class='ocrx_word' id='word_1_46' title='bbox 853 1224 985 1309; x_wconf 92' lang='lat' dir='ltr'><strong>IX,</strong></span> <span class='ocrx_word' id='word_1_47' title='bbox 1015 1218 1149 1291; x_wconf 85' lang='lat'><strong>165</strong></span> <span class='ocrx_word' id='word_1_48' title='bbox 1168 1275 1186 1307; x_wconf 90' lang='lat'>,</span> <span class='ocrx_word' id='word_1_49' title='bbox 1209 1248 1343 1293; x_wconf 87' lang='lat' dir='ltr'><strong>non</strong></span> <span class='ocrx_word' id='word_1_50' title='bbox 1362 1237 1665 1320; x_wconf 88' lang='lat' dir='ltr'><strong>apparet,</strong></span> <span class='ocrx_word' id='word_1_51' title='bbox 1689 1249 1822 1321; x_wconf 89' lang='lat' dir='ltr'><strong>quo</strong></span> <span class='ocrx_word' id='word_1_52' title='bbox 1842 1220 2039 1294; x_wconf 93' lang='lat' dir='ltr'><strong>modo</strong></span> <span class='ocrx_word' id='word_1_53' title='bbox 2056 1222 2373 1299; x_wconf 86' lang='lat' dir='ltr'><strong>Hercules</strong></span> <span class='ocrx_word' id='word_1_54' title='bbox 2388 1283 2407 1311; x_wconf 89' lang='lat'>,</span> <span class='ocrx_word' id='word_1_55' title='bbox 2433 1225 2619 1301; x_wconf 83' lang='lat' dir='ltr'><strong>factis</strong></span> 
     </span>
     <span class='ocr_line' id='line_1_8' title="bbox 489 1341 2623 1450; baseline 0.002 -32"><span class='ocrx_word' id='word_1_56' title='bbox 489 1347 559 1419; x_wconf 91' lang='lat' dir='ltr'><strong>in</strong></span> <span class='ocrx_word' id='word_1_57' title='bbox 588 1346 860 1421; x_wconf 82' lang='lat' dir='ltr'><strong>Euboeae</strong></span> <span class='ocrx_word' id='word_1_58' title='bbox 889 1342 1344 1446; x_wconf 82' lang='lat' dir='ltr'><strong>promontorio</strong></span> <span class='ocrx_word' id='word_1_59' title='bbox 1374 1342 1573 1417; x_wconf 88' lang='lat' dir='ltr'><strong>sacris</strong></span> <span class='ocrx_word' id='word_1_60' title='bbox 1592 1399 1611 1429; x_wconf 92' lang='lat'>,</span> <span class='ocrx_word' id='word_1_61' title='bbox 1654 1341 1868 1416; x_wconf 82' lang='lat' dir='ltr'><strong>OEten</strong></span> <span class='ocrx_word' id='word_1_62' title='bbox 1906 1344 2179 1427; x_wconf 84' lang='lat' dir='ltr'><strong>vocibus</strong></span> <span class='ocrx_word' id='word_1_63' title='bbox 2212 1347 2349 1421; x_wconf 91' lang='lat' dir='ltr'><strong>suis</strong></span> <span class='ocrx_word' id='word_1_64' title='bbox 2382 1347 2623 1450; x_wconf 86' lang='lat' dir='ltr'><strong>imple·</strong></span> 
     </span>
     <span class='ocr_line' id='line_1_9' title="bbox 490 1465 2613 1569; baseline 0 -25"><span class='ocrx_word' id='word_1_65' title='bbox 490 1471 674 1544; x_wconf 87' lang='lat' dir='ltr'><strong>verit.</strong></span> <span class='ocrx_word' id='word_1_66' title='bbox 710 1470 1049 1543; x_wconf 80' lang='lat' dir='ltr'><strong>Interdum</strong></span> <span class='ocrx_word' id='word_1_67' title='bbox 1075 1497 1210 1543; x_wconf 87' lang='lat' dir='ltr'><strong>nou</strong></span> <span class='ocrx_word' id='word_1_68' title='bbox 1242 1465 1400 1543; x_wconf 85' lang='lat' dir='ltr'><strong>satis</strong></span> <span class='ocrx_word' id='word_1_69' title='bbox 1431 1466 1782 1569; x_wconf 85' lang='lat' dir='ltr'><strong>perpendit</strong></span> <span class='ocrx_word' id='word_1_70' title='bbox 1802 1522 1821 1554; x_wconf 89' lang='lat'>‚</span> <span class='ocrx_word' id='word_1_71' title='bbox 1861 1495 2006 1568; x_wconf 81' lang='lat' dir='ltr'><strong>quae</strong></span> <span class='ocrx_word' id='word_1_72' title='bbox 2033 1467 2366 1543; x_wconf 82' lang='lat' dir='ltr'><strong>scriberet.</strong></span> <span class='ocrx_word' id='word_1_73' title='bbox 2422 1513 2497 1527; x_wconf 89' lang='lat'>—</span> <span class='ocrx_word' id='word_1_74' title='bbox 2533 1475 2613 1560; x_wconf 85' lang='lat'><strong>1,</strong></span> 
     </span>
     <span class='ocr_line' id='line_1_10' title="bbox 493 1592 2619 1697; baseline 0 -27"><span class='ocrx_word' id='word_1_75' title='bbox 493 1623 635 1697; x_wconf 88' lang='lat'><strong>270</strong></span> <span class='ocrx_word' id='word_1_76' title='bbox 654 1653 673 1685; x_wconf 94' lang='lat'>,</span> <span class='ocrx_word' id='word_1_77' title='bbox 711 1623 915 1696; x_wconf 88' lang='lat' dir='ltr'><strong>quum</strong></span> <span class='ocrx_word' id='word_1_78' title='bbox 950 1612 1120 1667; x_wconf 88' lang='lat' dir='ltr'><strong>terra</strong></span> <span class='ocrx_word' id='word_1_79' title='bbox 1151 1593 1396 1667; x_wconf 85' lang='lat' dir='ltr'><strong>diluvio</strong></span> <span class='ocrx_word' id='word_1_80' title='bbox 1429 1592 1738 1667; x_wconf 86' lang='lat' dir='ltr'><strong>vastanda</strong></span> <span class='ocrx_word' id='word_1_81' title='bbox 1770 1609 1970 1679; x_wconf 88' lang='lat' dir='ltr'><strong>esset,</strong></span> <span class='ocrx_word' id='word_1_82' title='bbox 2006 1592 2128 1666; x_wconf 88' lang='lat' dir='ltr'><strong>Iris</strong></span> <span class='ocrx_word' id='word_1_83' title='bbox 2158 1622 2362 1695; x_wconf 86' lang='lat' dir='ltr'><strong>aquas</strong></span> <span class='ocrx_word' id='word_1_84' title='bbox 2386 1625 2424 1670; x_wconf 94' lang='lat' dir='ltr'><strong>a</strong></span> <span class='ocrx_word' id='word_1_85' title='bbox 2452 1614 2619 1669; x_wconf 87' lang='lat' dir='ltr'><strong>terra</strong></span> 
     </span>
     <span class='ocr_line' id='line_1_11' title="bbox 487 1715 2620 1820; baseline 0.001 -29"><span class='ocrx_word' id='word_1_86' title='bbox 487 1719 743 1806; x_wconf 87' lang='lat' dir='ltr'><strong>haurit,</strong></span> <span class='ocrx_word' id='word_1_87' title='bbox 779 1746 942 1818; x_wconf 90' lang='lat' dir='ltr'><strong>quas</strong></span> <span class='ocrx_word' id='word_1_88' title='bbox 972 1716 1042 1790; x_wconf 89' lang='lat' dir='ltr'><strong>in</strong></span> <span class='ocrx_word' id='word_1_89' title='bbox 1075 1734 1311 1790; x_wconf 87' lang='lat' dir='ltr'><strong>terram</strong></span> <span class='ocrx_word' id='word_1_90' title='bbox 1343 1715 1662 1790; x_wconf 79' lang='lat' dir='ltr'><strong>demittat.</strong></span> <span class='ocrx_word' id='word_1_91' title='bbox 1705 1758 1784 1771; x_wconf 92' lang='lat'>-</span> <span class='ocrx_word' id='word_1_92' title='bbox 1818 1717 1960 1804; x_wconf 90' lang='lat'>111,</span> <span class='ocrx_word' id='word_1_93' title='bbox 1997 1717 2083 1809; x_wconf 79' lang='grc'><strong>41</strong></span> <span class='ocrx_word' id='word_1_94' title='bbox 2124 1746 2311 1818; x_wconf 62' lang='lat' dir='ltr'><strong>sqq„</strong></span> <span class='ocrx_word' id='word_1_95' title='bbox 2353 1748 2620 1820; x_wconf 90' lang='lat' dir='ltr'><strong>serpens</strong></span> 
     </span>
     <span class='ocr_line' id='line_1_12' title="bbox 486 1840 2618 1940; baseline 0 -24"><span class='ocrx_word' id='word_1_96' title='bbox 486 1842 825 1917; x_wconf 86' lang='lat' dir='ltr'><strong>immensis·</strong></span> <span class='ocrx_word' id='word_1_97' title='bbox 863 1840 1142 1916; x_wconf 84' lang='lat' dir='ltr'><strong>saltibus</strong></span> <span class='ocrx_word' id='word_1_98' title='bbox 1181 1840 1352 1940; x_wconf 89' lang='lat' dir='ltr'><strong>petit</strong></span> <span class='ocrx_word' id='word_1_99' title='bbox 1393 1868 1547 1928; x_wconf 92' lang='lat' dir='ltr'><strong>eos,</strong></span> <span class='ocrx_word' id='word_1_100' title='bbox 1605 1840 1720 1940; x_wconf 88' lang='lat' dir='ltr'><strong>qui</strong></span> <span class='ocrx_word' id='word_1_101' title='bbox 1756 1840 2053 1940; x_wconf 86' lang='lat' dir='ltr'><strong>proxime</strong></span> <span class='ocrx_word' id='word_1_102' title='bbox 2100 1843 2378 1916; x_wconf 84' lang='lat' dir='ltr'><strong>stabant.</strong></span> <span class='ocrx_word' id='word_1_103' title='bbox 2433 1844 2618 1917; x_wconf 83' lang='lat' dir='ltr'><strong>Idem</strong></span> 
     </span>
     <span class='ocr_line' id='line_1_13' title="bbox 487 1960 2618 2067; baseline 0.002 -29"><span class='ocrx_word' id='word_1_104' title='bbox 487 1996 676 2042; x_wconf 80' lang='lat' dir='ltr'><strong>versu</strong></span> <span class='ocrx_word' id='word_1_105' title='bbox 709 1964 801 2059; x_wconf 78' lang='grc'><strong>43</strong></span> <span class='ocrx_word' id='word_1_106' title='bbox 821 2022 839 2054; x_wconf 88' lang='grc'>,</span> <span class='ocrx_word' id='word_1_107' title='bbox 873 1960 1072 2039; x_wconf 70' lang='lat' dir='ltr'><strong>medlo</strong></span> <span class='ocrx_word' id='word_1_108' title='bbox 1084 1965 1236 2065; x_wconf 81' lang='lat' dir='ltr'><strong>plus</strong></span> <span class='ocrx_word' id='word_1_109' title='bbox 1247 1980 1430 2067; x_wconf 83' lang='lat' dir='ltr'><strong>parte</strong></span> <span class='ocrx_word' id='word_1_110' title='bbox 1458 1981 1688 2039; x_wconf 82' lang='lat' dir='ltr'><strong>erectus</strong></span> <span class='ocrx_word' id='word_1_111' title='bbox 1711 1966 1771 2038; x_wconf 79' lang='lat' dir='ltr'><strong>in</strong></span> <span class='ocrx_word' id='word_1_112' title='bbox 1804 1994 1988 2040; x_wconf 84' lang='lat' dir='ltr'><strong>auras</strong></span> <span class='ocrx_word' id='word_1_113' title='bbox 2008 1967 2291 2067; x_wconf 81' lang='lat' dir='ltr'><strong>Despicit</strong></span> <span class='ocrx_word' id='word_1_114' title='bbox 2310 1994 2483 2040; x_wconf 82' lang='lat' dir='ltr'><strong>omne</strong></span> <span class='ocrx_word' id='word_1_115' title='bbox 2509 1997 2618 2042; x_wconf 83' lang='lat' dir='ltr'><strong>ne-</strong></span> 
     </span>
     <span class='ocr_line' id='line_1_14' title="bbox 486 2090 2608 2193; baseline 0 -31"><span class='ocrx_word' id='word_1_116' title='bbox 486 2120 660 2177; x_wconf 86' lang='lat' dir='ltr'><strong>mus;</strong></span> <span class='ocrx_word' id='word_1_117' title='bbox 708 2090 822 2165; x_wconf 90' lang='lat' dir='ltr'><strong>sed</strong></span> <span class='ocrx_word' id='word_1_118' title='bbox 854 2118 1042 2165; x_wconf 86' lang='lat' dir='ltr'><strong>versu</strong></span> <span class='ocrx_word' id='word_1_119' title='bbox 1077 2091 1209 2191; x_wconf 75' lang='lat'><strong>94,</strong></span> <span class='ocrx_word' id='word_1_120' title='bbox 1245 2090 1705 2193; x_wconf 66' lang='lat' dir='ltr'><strong>totus’pendet</strong></span> <span class='ocrx_word' id='word_1_121' title='bbox 1735 2091 1807 2164; x_wconf 90' lang='lat' dir='ltr'><strong>in</strong></span> <span class='ocrx_word' id='word_1_122' title='bbox 1846 2092 2099 2183; x_wconf 76' lang='lat' dir='ltr'><strong>arbore.</strong></span> <span class='ocrx_word' id='word_1_123' title='bbox 2158 2134 2235 2146; x_wconf 89' lang='lat'><strong>——</strong></span> <span class='ocrx_word' id='word_1_124' title='bbox 2265 2092 2369 2180; x_wconf 89' lang='lat' dir='ltr'><strong>V,</strong></span> <span class='ocrx_word' id='word_1_125' title='bbox 2424 2090 2566 2164; x_wconf 84' lang='lat'><strong>228</strong></span> <span class='ocrx_word' id='word_1_126' title='bbox 2588 2149 2608 2179; x_wconf 90' lang='lat'>,</span> 
     </span>
     <span class='ocr_line' id='line_1_15' title="bbox 485 2214 2614 2318; baseline -0.001 -27"><span class='ocrx_word' id='word_1_127' title='bbox 485 2220 761 2292; x_wconf 88' lang='lat' dir='ltr'><strong>Perseus</strong></span> <span class='ocrx_word' id='word_1_128' title='bbox 790 2217 1042 2291; x_wconf 86' lang='lat' dir='ltr'><strong>Phinea</strong></span> <span class='ocrx_word' id='word_1_129' title='bbox 1080 2245 1343 2292; x_wconf 83' lang='lat' dir='ltr'><strong>saxeum</strong></span> <span class='ocrx_word' id='word_1_130' title='bbox 1381 2243 1638 2318; x_wconf 87' lang='lat' dir='ltr'><strong>semper</strong></span> <span class='ocrx_word' id='word_1_131' title='bbox 1672 2214 1850 2289; x_wconf 90' lang='lat' dir='ltr'><strong>domi</strong></span> <span class='ocrx_word' id='word_1_132' title='bbox 1891 2217 2172 2316; x_wconf 86' lang='lat' dir='ltr'><strong>spectari</strong></span> <span class='ocrx_word' id='word_1_133' title='bbox 2203 2214 2344 2290; x_wconf 83' lang='lat' dir='ltr'><strong>vult</strong></span> <span class='ocrx_word' id='word_1_134' title='bbox 2379 2245 2418 2291; x_wconf 91' lang='lat' dir='ltr'><strong>a</strong></span> <span class='ocrx_word' id='word_1_135' title='bbox 2452 2245 2614 2292; x_wconf 89' lang='lat' dir='ltr'><strong>con-</strong></span> 
     </span>
     <span class='ocr_line' id='line_1_16' title="bbox 481 2340 2610 2442; baseline -0.001 -27"><span class='ocrx_word' id='word_1_136' title='bbox 481 2344 637 2441; x_wconf 85' lang='lat' dir='ltr'><strong>juge</strong></span> <span class='ocrx_word' id='word_1_137' title='bbox 656 2397 675 2431; x_wconf 94' lang='lat'>,</span> <span class='ocrx_word' id='word_1_138' title='bbox 733 2369 883 2442; x_wconf 79' lang='lat' dir='ltr'><strong>quae</strong></span> <span class='ocrx_word' id='word_1_139' title='bbox 916 2369 1071 2415; x_wconf 82' lang='lat' dir='ltr'><strong>vero</strong></span> <span class='ocrx_word' id='word_1_140' title='bbox 1100 2369 1256 2415; x_wconf 82' lang='lat' dir='ltr'><strong>mox</strong></span> <span class='ocrx_word' id='word_1_141' title='bbox 1294 2340 1601 2415; x_wconf 87' lang='lat' dir='ltr'><strong>relictura</strong></span> <span class='ocrx_word' id='word_1_142' title='bbox 1635 2357 1774 2414; x_wconf 87' lang='lat' dir='ltr'><strong>erat</strong></span> <span class='ocrx_word' id='word_1_143' title='bbox 1807 2340 2077 2414; x_wconf 90' lang='lat' dir='ltr'><strong>domum</strong></span> <span class='ocrx_word' id='word_1_144' title='bbox 2118 2357 2470 2441; x_wconf 74' lang='lat' dir='ltr'><strong>paternam.</strong></span> <span class='ocrx_word' id='word_1_145' title='bbox 2532 2384 2610 2397; x_wconf 93' lang='lat'>—</span> 
     </span>
     <span class='ocr_line' id='line_1_17' title="bbox 486 2463 2614 2565; baseline -0 -25"><span class='ocrx_word' id='word_1_146' title='bbox 486 2469 650 2554; x_wconf 89' lang='lat' dir='ltr'>XII,</span> <span class='ocrx_word' id='word_1_147' title='bbox 687 2465 830 2539; x_wconf 84' lang='lat'><strong>620</strong></span> <span class='ocrx_word' id='word_1_148' title='bbox 848 2522 868 2555; x_wconf 93' lang='lat'>,</span> <span class='ocrx_word' id='word_1_149' title='bbox 903 2465 1190 2539; x_wconf 87' lang='lat' dir='ltr'><strong>Somnus</strong></span> <span class='ocrx_word' id='word_1_150' title='bbox 1219 2464 1289 2538; x_wconf 88' lang='lat' dir='ltr'><strong>in</strong></span> <span class='ocrx_word' id='word_1_151' title='bbox 1318 2463 1488 2539; x_wconf 90' lang='lat' dir='ltr'><strong>lecto</strong></span> <span class='ocrx_word' id='word_1_152' title='bbox 1522 2464 1923 2539; x_wconf 85' lang='lat' dir='ltr'><strong>decumbens</strong></span> <span class='ocrx_word' id='word_1_153' title='bbox 1941 2480 2194 2565; x_wconf 79' lang='lat' dir='ltr'><strong>pectora</strong></span> <span class='ocrx_word' id='word_1_154' title='bbox 2215 2466 2479 2565; x_wconf 79' lang='lat' dir='ltr'><strong>percutit</strong></span> <span class='ocrx_word' id='word_1_155' title='bbox 2499 2494 2614 2539; x_wconf 82' lang='lat' dir='ltr'><strong>nu-</strong></span> 
     </span>
     <span class='ocr_line' id='line_1_18' title="bbox 484 2588 2613 2690; baseline -0 -27"><span class='ocrx_word' id='word_1_156' title='bbox 484 2591 644 2664; x_wconf 76' lang='lat' dir='ltr'><strong>tanti</strong></span> <span class='ocrx_word' id='word_1_157' title='bbox 680 2605 894 2665; x_wconf 83' lang='lat' dir='ltr'><strong>mento.</strong></span> <span class='ocrx_word' id='word_1_158' title='bbox 951 2590 1158 2664; x_wconf 84' lang='lat' dir='ltr'><strong>Mitto</strong></span> <span class='ocrx_word' id='word_1_159' title='bbox 1207 2588 1526 2664; x_wconf 82' lang='lat' dir='ltr'><strong>dictiones</strong></span> <span class='ocrx_word' id='word_1_160' title='bbox 1571 2588 2072 2690; x_wconf 86' lang='lat' dir='ltr'><strong>improbandas,</strong></span> <span class='ocrx_word' id='word_1_161' title='bbox 2129 2609 2243 2681; x_wconf 89' lang='lat' dir='ltr'><strong>ut,</strong></span> <span class='ocrx_word' id='word_1_162' title='bbox 2282 2592 2383 2679; x_wconf 87' lang='lat' dir='ltr'><strong>V,</strong></span> <span class='ocrx_word' id='word_1_163' title='bbox 2434 2589 2613 2683; x_wconf 75' lang='lat'><strong>426,</strong></span> 
     </span>
     <span class='ocr_line' id='line_1_19' title="bbox 483 2711 2619 2813; baseline 0.002 -28"><span class='ocrx_word' id='word_1_164' title='bbox 483 2713 907 2788; x_wconf 77' lang='lat' dir='ltr'><strong>inconsolabile</strong></span> <span class='ocrx_word' id='word_1_165' title='bbox 946 2713 1175 2787; x_wconf 80' lang='lat' dir='ltr'><strong>vulnus</strong></span> <span class='ocrx_word' id='word_1_166' title='bbox 1192 2771 1211 2798; x_wconf 90' lang='lat'><em>‚</em></span> <span class='ocrx_word' id='word_1_167' title='bbox 1266 2711 1725 2813; x_wconf 84' lang='lat' dir='ltr'><strong>repetitionem</strong></span> <span class='ocrx_word' id='word_1_168' title='bbox 1767 2714 2058 2813; x_wconf 90' lang='lat' dir='ltr'><strong>ejusdem</strong></span> <span class='ocrx_word' id='word_1_169' title='bbox 2103 2713 2408 2789; x_wconf 79' lang='lat' dir='ltr'><strong>vocabuli</strong></span> <span class='ocrx_word' id='word_1_170' title='bbox 2447 2715 2619 2789; x_wconf 89' lang='lat' dir='ltr'><strong>inter</strong></span> 
     </span>
     <span class='ocr_line' id='line_1_20' title="bbox 485 2838 2617 2943; baseline -0 -28"><span class='ocrx_word' id='word_1_171' title='bbox 485 2870 842 2943; x_wconf 89' lang='lat' dir='ltr'><strong>paucorum</strong></span> <span class='ocrx_word' id='word_1_172' title='bbox 871 2867 1177 2916; x_wconf 84' lang='lat' dir='ltr'><strong>versuum</strong></span> <span class='ocrx_word' id='word_1_173' title='bbox 1206 2838 1562 2927; x_wconf 87' lang='lat' dir='ltr'><strong>ambitum,</strong></span> <span class='ocrx_word' id='word_1_174' title='bbox 1598 2858 1664 2913; x_wconf 91' lang='lat' dir='ltr'><strong>et</strong></span> <span class='ocrx_word' id='word_1_175' title='bbox 1694 2839 1901 2916; x_wconf 87' lang='lat' dir='ltr'><strong>multa</strong></span> <span class='ocrx_word' id='word_1_176' title='bbox 1926 2839 2070 2915; x_wconf 84' lang='lat' dir='ltr'><strong>alia.</strong></span> <span class='ocrx_word' id='word_1_177' title='bbox 2099 2839 2284 2919; x_wconf 87' lang='lat' dir='ltr'><strong>Talia</strong></span> <span class='ocrx_word' id='word_1_178' title='bbox 2309 2840 2617 2917; x_wconf 80' lang='lat' dir='ltr'><strong>excidunt</strong></span> 
     </span>
     <span class='ocr_line' id='line_1_21' title="bbox 480 2961 2615 3067; baseline 0.001 -30"><span class='ocrx_word' id='word_1_179' title='bbox 480 2967 600 3052; x_wconf 85' lang='lat' dir='ltr'><strong>iis,</strong></span> <span class='ocrx_word' id='word_1_180' title='bbox 635 2967 750 3067; x_wconf 89' lang='lat' dir='ltr'><strong>qui</strong></span> <span class='ocrx_word' id='word_1_181' title='bbox 785 2995 900 3041; x_wconf 88' lang='lat' dir='ltr'><strong>sua</strong></span> <span class='ocrx_word' id='word_1_182' title='bbox 929 2996 1066 3041; x_wconf 90' lang='lat' dir='ltr'><strong>non</strong></span> <span class='ocrx_word' id='word_1_183' title='bbox 1094 2961 1327 3039; x_wconf 87' lang='lat' dir='ltr'><strong>sedulo</strong></span> <span class='ocrx_word' id='word_1_184' title='bbox 1353 2963 1755 3064; x_wconf 84' lang='lat' dir='ltr'><strong>conquirunt</strong></span> <span class='ocrx_word' id='word_1_185' title='bbox 1774 3021 1793 3057; x_wconf 93' lang='lat'>,</span> <span class='ocrx_word' id='word_1_186' title='bbox 1828 2965 1941 3039; x_wconf 88' lang='lat' dir='ltr'><strong>sed</strong></span> <span class='ocrx_word' id='word_1_187' title='bbox 1973 2992 2009 3039; x_wconf 90' lang='lat' dir='ltr'><strong>e</strong></span> <span class='ocrx_word' id='word_1_188' title='bbox 2036 2964 2209 3038; x_wconf 87' lang='lat' dir='ltr'><strong>felici</strong></span> <span class='ocrx_word' id='word_1_189' title='bbox 2239 2965 2486 3061; x_wconf 82' lang='lat' dir='ltr'><strong>ingenii</strong></span> <span class='ocrx_word' id='word_1_190' title='bbox 2512 2969 2615 3040; x_wconf 91' lang='lat' dir='ltr'><strong>sui</strong></span> 
     </span>
     <span class='ocr_line' id='line_1_22' title="bbox 484 3088 2011 3193; baseline 0.001 -33"><span class='ocrx_word' id='word_1_191' title='bbox 484 3117 642 3163; x_wconf 82' lang='lat' dir='ltr'><strong>vena</strong></span> <span class='ocrx_word' id='word_1_192' title='bbox 661 3143 680 3177; x_wconf 87' lang='lat'>‚</span> <span class='ocrx_word' id='word_1_193' title='bbox 720 3089 904 3189; x_wconf 89' lang='lat' dir='ltr'><strong>quasi</strong></span> <span class='ocrx_word' id='word_1_194' title='bbox 930 3107 1176 3164; x_wconf 89' lang='lat' dir='ltr'><strong>stantes</strong></span> <span class='ocrx_word' id='word_1_195' title='bbox 1206 3090 1370 3193; x_wconf 90' lang='lat' dir='ltr'><strong>pede</strong></span> <span class='ocrx_word' id='word_1_196' title='bbox 1395 3088 1464 3161; x_wconf 90' lang='lat' dir='ltr'><strong>in</strong></span> <span class='ocrx_word' id='word_1_197' title='bbox 1498 3118 1632 3162; x_wconf 90' lang='lat' dir='ltr'><strong>uno</strong></span> <span class='ocrx_word' id='word_1_198' title='bbox 1651 3145 1670 3177; x_wconf 93' lang='lat'>,</span> <span class='ocrx_word' id='word_1_199' title='bbox 1703 3088 2011 3164; x_wconf 83' lang='lat' dir='ltr'><strong>fundunt.</strong></span> 
     </span>
    </p>

    <p class='ocr_par' dir='ltr' id='par_1_4' title="bbox 482 3212 2614 3813">
     <span class='ocr_line' id='line_1_23' title="bbox 581 3212 2614 3317; baseline 0 -30"><span class='ocrx_word' id='word_1_200' title='bbox 581 3214 835 3314; x_wconf 77' lang='lat' dir='ltr'><strong>Ingenii</strong></span> <span class='ocrx_word' id='word_1_201' title='bbox 860 3243 1015 3317; x_wconf 89' lang='lat' dir='ltr'><strong>pars</strong></span> <span class='ocrx_word' id='word_1_202' title='bbox 1061 3243 1135 3290; x_wconf 85' lang='lat' dir='ltr'><strong>ea</strong></span> <span class='ocrx_word' id='word_1_203' title='bbox 1157 3271 1176 3305; x_wconf 95' lang='lat'>,</span> <span class='ocrx_word' id='word_1_204' title='bbox 1229 3242 1425 3315; x_wconf 86' lang='lat' dir='ltr'><strong>quam</strong></span> <span class='ocrx_word' id='word_1_205' title='bbox 1462 3213 1660 3315; x_wconf 88' lang='lat' dir='ltr'><strong>paulo</strong></span> <span class='ocrx_word' id='word_1_206' title='bbox 1693 3231 1843 3287; x_wconf 88' lang='lat' dir='ltr'><strong>ante</strong></span> <span class='ocrx_word' id='word_1_207' title='bbox 1889 3214 2241 3315; x_wconf 88' lang='lat' dir='ltr'><strong>descripsi,</strong></span> <span class='ocrx_word' id='word_1_208' title='bbox 2288 3214 2508 3288; x_wconf 85' lang='lat' dir='ltr'><strong>statim</strong></span> <span class='ocrx_word' id='word_1_209' title='bbox 2543 3212 2614 3288; x_wconf 90' lang='lat' dir='ltr'><strong>in</strong></span> 
     </span>
     <span class='ocr_line' id='line_1_24' title="bbox 482 3334 2613 3440; baseline 0 -30"><span class='ocrx_word' id='word_1_210' title='bbox 482 3337 810 3440; x_wconf 89' lang='lat' dir='ltr'><strong>principio</strong></span> <span class='ocrx_word' id='word_1_211' title='bbox 849 3334 1151 3413; x_wconf 83' lang='lat' dir='ltr'><strong>carminis</strong></span> <span class='ocrx_word' id='word_1_212' title='bbox 1186 3338 1437 3413; x_wconf 90' lang='lat' dir='ltr'><strong>emicat.</strong></span> <span class='ocrx_word' id='word_1_213' title='bbox 1489 3336 1595 3410; x_wconf 91' lang='lat' dir='ltr'><strong>Ibi</strong></span> <span class='ocrx_word' id='word_1_214' title='bbox 1638 3365 1773 3410; x_wconf 89' lang='lat' dir='ltr'><strong>non</strong></span> <span class='ocrx_word' id='word_1_215' title='bbox 1806 3363 2021 3411; x_wconf 83' lang='lat' dir='ltr'><strong>veram</strong></span> <span class='ocrx_word' id='word_1_216' title='bbox 2051 3337 2235 3411; x_wconf 90' lang='lat' dir='ltr'><strong>rudis</strong></span> <span class='ocrx_word' id='word_1_217' title='bbox 2266 3336 2462 3412; x_wconf 89' lang='lat' dir='ltr'><strong>molis</strong></span> <span class='ocrx_word' id='word_1_218' title='bbox 2490 3368 2613 3412; x_wconf 89' lang='lat' dir='ltr'><strong>na-</strong></span> 
     </span>
     <span class='ocr_line' id='line_1_25' title="bbox 483 3462 2610 3563; baseline 0.003 -27"><span class='ocrx_word' id='word_1_219' title='bbox 483 3482 697 3538; x_wconf 87' lang='lat' dir='ltr'><strong>turam</strong></span> <span class='ocrx_word' id='word_1_220' title='bbox 724 3462 922 3537; x_wconf 80' lang='lat' dir='ltr'><strong>n&#39;obis</strong></span> <span class='ocrx_word' id='word_1_221' title='bbox 954 3462 1272 3563; x_wconf 83' lang='lat' dir='ltr'><strong>explicat,</strong></span> <span class='ocrx_word' id='word_1_222' title='bbox 1317 3465 1430 3538; x_wconf 91' lang='lat' dir='ltr'><strong>sed</strong></span> <span class='ocrx_word' id='word_1_223' title='bbox 1469 3482 1798 3538; x_wconf 82' lang='lat' dir='ltr'><strong>externam</strong></span> <span class='ocrx_word' id='word_1_224' title='bbox 1835 3492 2050 3537; x_wconf 90' lang='lat' dir='ltr'><strong>rerum</strong></span> <span class='ocrx_word' id='word_1_225' title='bbox 2089 3483 2155 3538; x_wconf 89' lang='lat' dir='ltr'><strong>et</strong></span> <span class='ocrx_word' id='word_1_226' title='bbox 2193 3466 2610 3542; x_wconf 80' lang='lat' dir='ltr'><strong>confusarum</strong></span> 
     </span>
     <span class='ocr_line' id='line_1_26' title="bbox 482 3585 2612 3691; baseline 0.002 -30"><span class='ocrx_word' id='word_1_227' title='bbox 482 3604 547 3661; x_wconf 87' lang='lat' dir='ltr'><strong>et</strong></span> <span class='ocrx_word' id='word_1_228' title='bbox 587 3604 815 3688; x_wconf 86' lang='lat' dir='ltr'><strong>postea</strong></span> <span class='ocrx_word' id='word_1_229' title='bbox 846 3585 1307 3689; x_wconf 82' lang='lat' dir='ltr'><strong>dispositarum</strong></span> <span class='ocrx_word' id='word_1_230' title='bbox 1346 3586 1621 3663; x_wconf 87' lang='lat' dir='ltr'><strong>formam</strong></span> <span class='ocrx_word' id='word_1_231' title='bbox 1666 3586 1953 3661; x_wconf 88' lang='lat' dir='ltr'><strong>ostendit</strong></span> <span class='ocrx_word' id='word_1_232' title='bbox 1973 3643 1991 3675; x_wconf 89' lang='lat'>,</span> <span class='ocrx_word' id='word_1_233' title='bbox 2046 3590 2408 3691; x_wconf 88' lang='lat' dir='ltr'><strong>acriterque</strong></span> <span class='ocrx_word' id='word_1_234' title='bbox 2457 3619 2612 3665; x_wconf 90' lang='lat' dir='ltr'><strong>sen-</strong></span> 
     </span>
     <span class='ocr_line' id='line_1_27' title="bbox 484 3710 1133 3813; baseline -0.005 -29"><span class='ocrx_word' id='word_1_235' title='bbox 484 3711 769 3787; x_wconf 84' lang='lat' dir='ltr'><strong>tiendam</strong></span> <span class='ocrx_word' id='word_1_236' title='bbox 798 3710 1133 3813; x_wconf 88' lang='lat' dir='ltr'><strong>proponit.</strong></span> 
     </span>
    </p>

    <p class='ocr_par' dir='ltr' id='par_1_5' title="bbox 636 3850 2098 3975">
     <span class='ocr_line' id='line_1_28' title="bbox 636 3850 2098 3975; baseline -0.002 -17"><span class='ocrx_word' id='word_1_237' title='bbox 636 3894 850 3958; x_wconf 84' lang='lat' dir='ltr'><strong>Nullus</strong></span> <span class='ocrx_word' id='word_1_238' title='bbox 874 3893 1058 3956; x_wconf 80' lang='lat' dir='ltr'><strong>adhuc</strong></span> <span class='ocrx_word' id='word_1_239' title='bbox 1089 3892 1305 3954; x_wconf 88' lang='lat' dir='ltr'><strong>mundo</strong></span> <span class='ocrx_word' id='word_1_240' title='bbox 1331 3890 1618 3975; x_wconf 77' lang='lat' dir='ltr'><strong>praebebat</strong></span> <span class='ocrx_word' id='word_1_241' title='bbox 1649 3850 1860 3954; x_wconf 78' lang='lat' dir='ltr'><strong>luinina</strong></span> <span class='ocrx_word' id='word_1_242' title='bbox 1888 3895 2058 3955; x_wconf 83' lang='lat' dir='ltr'><strong>Titan</strong></span> <span class='ocrx_word' id='word_1_243' title='bbox 2078 3939 2098 3971; x_wconf 94' lang='lat'>,</span> 
     </span>
    </p>
   </div>
   <div class='ocr_carea' id='block_1_4' title="bbox 626 3987 2103 4169">
    <p class='ocr_par' dir='ltr' id='par_1_6' title="bbox 626 3987 2103 4169">
     <span class='ocr_line' id='line_1_29' title="bbox 638 3987 2103 4070; baseline -0.003 -13"><span class='ocrx_word' id='word_1_244' title='bbox 638 3998 765 4058; x_wconf 88' lang='lat' dir='ltr'><strong>Nec</strong></span> <span class='ocrx_word' id='word_1_245' title='bbox 793 4015 941 4055; x_wconf 83' lang='lat' dir='ltr'><strong>nova</strong></span> <span class='ocrx_word' id='word_1_246' title='bbox 962 3989 1267 4054; x_wconf 87' lang='lat' dir='ltr'><strong>crescendo</strong></span> <span class='ocrx_word' id='word_1_247' title='bbox 1297 3987 1585 4070; x_wconf 77' lang='lat' dir='ltr'><strong>reparabat</strong></span> <span class='ocrx_word' id='word_1_248' title='bbox 1614 4012 1829 4053; x_wconf 83' lang='lat' dir='ltr'><strong>cornua</strong></span> <span class='ocrx_word' id='word_1_249' title='bbox 1856 3991 2063 4055; x_wconf 78' lang='lat' dir='ltr'><strong>Phoebe</strong></span> <span class='ocrx_word' id='word_1_250' title='bbox 2084 4036 2103 4067; x_wconf 88' lang='lat'>,</span> 
     </span>
     <span class='ocr_line' id='line_1_30' title="bbox 626 4086 1864 4169; baseline 0 -14"><span class='ocrx_word' id='word_1_251' title='bbox 626 4096 762 4157; x_wconf 82' lang='lat' dir='ltr'><strong>-Nec</strong></span> <span class='ocrx_word' id='word_1_252' title='bbox 788 4089 1130 4155; x_wconf 71' lang='lat' dir='ltr'><strong>circumfuso</strong></span> <span class='ocrx_word' id='word_1_253' title='bbox 1161 4086 1441 4169; x_wconf 79' lang='lat' dir='ltr'><strong>pendebat</strong></span> <span class='ocrx_word' id='word_1_254' title='bbox 1464 4087 1526 4148; x_wconf 87' lang='lat' dir='ltr'><strong>in</strong></span> <span class='ocrx_word' id='word_1_255' title='bbox 1541 4109 1672 4151; x_wconf 74' lang='lat' dir='ltr'><strong>aere</strong></span> <span class='ocrx_word' id='word_1_256' title='bbox 1693 4092 1864 4155; x_wconf 83' lang='lat' dir='ltr'><strong>tellus</strong></span> 
     </span>
    </p>
   </div>
  </div>
 </body>
</html>
