2975 4784
658 340 1685 409 METAMORPHOSEON
1744 343 1934 409 LIB.
1997 343 2086 410 V.

2298 341 2428 427 403

315 483 482 578 Quae
517 480 645 554 tibi
681 504 876 553 causa
910 478 1084 551 viae?
1116 506 1235 551 cur
1266 478 1359 580 sis
1378 533 1397 564 ‚
1432 478 1761 552 Arethusa
1782 534 1800 565 ‚
1838 506 2016 553 sacer
2042 481 2248 556 fons?

318 603 706 678 Conticuere
741 601 974 684 undae3
1016 627 1292 699 quarum
1325 600 1467 673 Dea
1499 597 1766 674 sustulit
1795 598 1929 673 alto

315 730 525 801 Fonte
561 744 792 828 caput,
830 724 1204 825 viridesque
1238 752 1434 797 manu
1471 725 1712 798 siccata
1746 722 2018 824 capillos
2334 753 2434 822 ⁵75

314 849 639 924 Fluminis
670 847 818 922 Elei
847 864 1100 921 veteres
1135 848 1422 920 narravit
1454 874 1708 921 amores
1744 876 1760 918 ε

324 1009 360 1039 «
398 974 562 1047 Pars
597 1001 719 1068 ego
749 969 1239 1071 Nympharum,
1280 999 1421 1071 quae
1459 987 1617 1045 sunt
1648 970 1716 1041 in
1745 969 2035 1044 Achaide
2056 1026 2076 1058 ,
2114 970 2316 1062 dixit,

323 1129 360 1162 >³
400 1099 552 1170 Una
583 1096 713 1183 sui3
750 1123 870 1168 nec
905 1124 1009 1170 me
1046 1094 1412 1169 studiosius
1444 1093 1646 1168 altera
1680 1093 1887 1168 saltus

324 1251 362 1283 »
401 1219 629 1315 Legit,
664 1246 783 1291 nec
817 1218 1049 1318 posuit
1083 1216 1449 1290 studiosius
1476 1214 1677 1290 altera
1712 1236 1943 1290 casses.

322 1373 362 1406 2>
403 1339 535 1414 Sed
555 1397 574 1428 ,
605 1340 901 1440 quamvis
921 1339 1148 1412 sormae
1176 1367 1517 1439 nunquam
1539 1338 1705 1411 mihi
1737 1338 1905 1412 sama
1929 1339 2138 1439 petita
2169 1356 2301 1428 est,
2346 1361 2446 1418 580

321 1496 362 1528 >›
402 1461 721 1560 Quamvis
750 1460 943 1535 'fortis
977 1489 1151 1535 eram
1171 1517 1190 1548 ‚
1222 1460 1529 1536 formosae
1561 1489 1804 1536 nomen
1835 1462 2180 1536 habebam.

320 1685 533 1721 versum
552 1668 665 1738 487.
686 1665 965 1720 varietatis
984 1683 1164 1731 causa,-
1184 1675 1338 1735 poeta

318 1747 490 1818 ipsam
515 1745 830 1801 Arethusam
861 1747 965 1801 sata
990 1765 1084 1800 sua
1113 1764 1339 1798 narran-

319 1835 437 1878 tem
475 1823 692 1878 induxit.
728 1853 794 1863 —
819 1827 1001 1891 Exegit
1017 1827 1157 1876 alma
1180 1824 1340 1874 Ceres.

323 1903 477 1957 Saltu
516 1904 653 1956 sacto
685 1902 872 1955 transit
901 1899 964 1953 ad
1003 1919 1144 1969 seqq.
1177 1898 1341 1969 Cogi-

324 1980 550 2034 tandum
570 1980 730 2050 igitur
744 2020 760 2047 ‚
786 1978 1041 2033 Cererem
1058 2017 1074 2045 ‚
1092 1980 1344 2048 impetra-

324 2060 392 2114 tis
410 2061 673 2131 precibus,
695 2060 751 2111 in
777 2058 1005 2112 Siciliam
1028 2057 1255 2110 rediisse.
1277 2084 1344 2096 —-

323 2140 469 2190 Ναΐα
478 2156 656 2191 secura
668 2143 880 2202 recepta.
904 2135 1206 2189 Gronovius
1226 2154 1344 2187 ma-

320 2214 467 2268 lebat
514 2221 647 2266 natoe
693 2230 871 2266 secura
915 2219 1121 2279 recepte
1144 2252 1158 2275 ‚
1201 2211 1341 2280 quod

321 2289 477 2343 valde
500 2288 730 2359 placebat
757 2288 1005 2352 Heinsio;
1030 2289 1150 2357 quia
1174 2307 1233 2341 ea
1248 2307 1343 2340 vox

321 2390 451 2426 cum
485 2368 714 2440 genitivo
747 2368 1057 2437 plerumque
1103 2367 1344 2438 reperia-

321 2461 415 2503 tur
433 2487 449 2515 ,
474 2447 568 2501 sed
596 2447 937 2499 Burmannus
964 2457 1140 2499 tuetur
1163 2439 1345 2499 ablati-

286 2544 289 2547 ’
320 2544 469 2578 vum.
487 2524 642 2594 Regii
654 2523 820 2576 nostri
835 2521 1030 2575 habent
1045 2529 1184 2575 nata.
1204 2560 1217 2572 .
1234 2562 1245 2573 .
1271 2540 1344 2573 re-

324 2610 485 2672 cepta.
508 2630 576 2640 —
609 2603 735 2665 Qua
756 2618 915 2652 causa
933 2604 1052 2662 υίο,
1086 2618 1207 2665 cur,
1232 2598 1345 2651 loco

325 2692 552 2746 mutam,
570 2689 714 2733 extra
729 2678 951 2749 patriam
966 2679 1214 2744 cernaris,
1234 2696 1344 2731 non

328 2770 391 2813 ut
410 2758 619 2824 fluvius,
636 2756 727 2811 sed
742 2756 948 2824 utsons.
962 2757 1189 2810 Fontem
1202 2756 1347 2810 hunc

328 2835 572 2889 describit
604 2832 714 2887 Cir.
750 2833 903 2887 Verr.
926 2835 1024 2900 IV,
1056 2835 1147 2887 53:
1172 2836 1235 2886 In
1263 2838 1348 2885 in-

326 2918 447 2966 sula
467 2912 651 2983 (parte
678 2912 1093 2986 Syracusarum)
1126 2920 1348 2966 extrema

328 2998 411 3044 est
407 2989 537 3057 sons
551 3009 691 3058 aque
699 2993 865 3042 dulcis
878 3029 891 3050 ,
923 2995 1013 3042 cui
1021 3009 1197 3042 nomen
1211 2989 1266 3042 A
1268 3009 1349 3043 re-

329 3073 485 3123 {husa
514 3077 593 3122 est
606 3110 618 3130 ‚
661 3072 951 3122 Incredibili
968 3073 1310 3137 magnitudine
1324 3109 1338 3131 ,

322 3149 651 3216 pleatltsimus
657 3150 875 3214 piscium
891 3165 908 3198 .-
930 3150 1195 3214 qm‘stuctu
1216 3153 1350 3199 totus

329 3230 610 3294 operiretur,
638 3231 747 3279 nisi
761 3229 1032 3279 munitione
1046 3246 1111 3278 ac
1132 3229 1261 3279 mole
1272 3229 1350 3278 la·-

322 3309 502 3374 pidam
522 3326 558 3358 a
582 3311 716 3358 mari
730 3304 1013 3372 disjunctus
1025 3310 1173 3360 esset.
1189 3303 1349 3355 Eum·

332 3382 460 3435 dem
490 3386 845 3435 m‘tc'dirsimam
862 3421 875 3443 ,
905 3385 983 3434 ad
1004 3386 1109 3433 ima
1128 3383 1352 3448 perluci-

329 3464 452 3515 dam
483 3465 880 3530 carminibusque
913 3464 1351 3514 celebratissimum

332 3551 487 3594 vocat
510 3540 745 3606 Seneca,
784 3538 1048 3594 Consolat.
1085 3537 1149 3591 ad
1186 3537 1350 3592 Marc.

323 3610 444 3688 '17.:
474 3629 527 3671 et
562 3619 660 3672 suit
699 3618 830 3672 adeo
864 3616 1214 3671 memorabilis
1239 3655 1254 3680 ,
1296 3627 1355 3669 ut

336 3694 478 3748 Ptin.
505 3695 643 3749 Hist.
670 3697 788 3749 Nat.
812 3695 893 3748 III
912 3733 927 3759 ,
955 3696 986 3745 8
1005 3713 1045 3747 s.
1075 3695 1132 3759 14
1149 3733 1164 3760 ,
1182 3692 1354 3763 Syra-

333 3789 484 3826 cusas
507 3771 579 3823 ita
613 3783 855 3837 notaret,
900 3773 1113 3824 Colonia
1139 3772 1356 3841 Syracu-

334 3871 411 3905 se
434 3868 546 3903 cum
554 3850 708 3918 sonte
730 3853 1001 3903 Arethusa.
1027 3849 1074 3902 E
1096 3850 1358 3903 recentio—

337 3930 484 3984 ribus
526 3948 649 3982 eum
698 3928 966 3982 Guarinus
1008 3928 1168 3981 Italus
1219 3928 1358 3982 cele-

335 4007 524 4062 bravit.
542 4036 608 4048 —
625 4008 802 4073 Sacer,
837 4024 1118 4061 commune
1142 4005 1355 4075 epithe-

342 4096 436 4142 ton
464 4087 708 4142 sontium.

1503 1669 1616 1734 574.
1655 1669 1974 1726 Conticuere,
2020 1678 2250 1738 strepere
2279 1670 2451 1725 desie—

1433 1755 1562 1797 runt
1579 1783 1594 1810 ,
1634 1745 1691 1798 in
1735 1744 1994 1799 honorem
2032 1747 2295 1819 Nympha
2337 1750 2447 1818 jam

1434 1822 1594 1875 verba
1640 1824 1865 1877 sacturae.
1901 1852 1968 1863 —
2012 1827 2209 1877 Virides
2252 1833 2454 1881 siccata

1433 1903 1649 1966 capillos
1663 1941 1676 1960 ,
1708 1912 1767 1953 ut
1795 1901 1928 1953 libro
1956 1901 2042 1969 11,
2081 1922 2163 1964 υ,
2192 1907 2448 1969 videntur,

1435 1982 1567 2032 Pars
1600 1984 1656 2032 ia
1674 1985 1804 2033 mole
1831 1984 2010 2033 sedens
2037 1980 2225 2036 virides
2259 1988 2455 2037 πίσσια

1435 2061 1664 2125 capillos.
1688 2085 1755 2098 ·-
1777 2058 1859 2110 De
1886 2057 1986 2110 hoc
2020 2069 2164 2129 gestu
2196 2059 2411 2115 dicturae
2432 2103 2449 2130 ,

1437 2133 1556 2187 vide
1572 2153 1727 2203 supra
1744 2133 1809 2186 ad
1827 2135 2144 2202 487.—Etei,
2166 2137 2286 2204 quia
2300 2137 2452 2192 Eleo-

1437 2230 1562 2264 rum
1581 2211 1714 2264 fines
1730 2210 1909 2280 irrigat
1924 2222 1978 2265 et
1992 2231 2147 2281 supra
2168 2212 2447 2286 Cyllenen,

1440 2289 1697 2358 Eleorum
1719 2289 1930 2356 navale,
1958 2292 2014 2344 in
2040 2311 2186 2346 mare
2209 2295 2454 2351 infundi-

1438 2380 1529 2423 tur
1543 2409 1560 2435 ‚
1578 2369 1865 2422 honoribus
1881 2369 2012 2422 adeo
2030 2370 2219 2426 divinis
2229 2375 2292 2426 ab
2310 2375 2451 2429 Eleis

1438 2448 1628 2502 colitur
1649 2487 1666 2514 ,
1707 2465 2009 2516 quanquam
2042 2449 2214 2504 sontes
2255 2453 2368 2522 ejus
2393 2455 2455 2507 in

1438 2524 1663 2578 Arcadia
1686 2521 2038 2595 reperiuntur.
2067 2527 2289 2582 Pausan.
2309 2530 2381 2597 V,
2402 2552 2452 2600 p.

1440 2601 1553 2673 389.
1576 2624 1617 2656 s.
1636 2603 1735 2675 899
1754 2624 1768 2666 3
1788 2602 1927 2655 VIII
1945 2641 1960 2668 ,
1984 2623 2032 2673 p.
2059 2625 2171 2678 709·
2199 2604 2452 2661 Celebra-

1440 2688 1524 2732 tus
1549 2690 1602 2738 et
1626 2679 1707 2732 ille
1731 2679 1910 2749 poetis.
1937 2680 2123 2735 Senec.
2148 2684 2214 2737 N.
2243 2683 2317 2751 Q.
2344 2684 2423 2738 Vl
2437 2725 2454 2754 ,

1441 2756 1486 2808 8.
1511 2784 1579 2797 --
1608 2759 1830 2820 Veteres,
1868 2758 2128 2828 pristinos.

1491 2837 1603 2904 577.
1621 2837 1753 2887 Pars
1763 2855 1854 2901 ego
1868 2837 2224 2905 Nympharum,
2241 2847 2337 2892 etc.
2351 2839 2458 2892 Hic

1438 2922 1518 2966 est
1539 2912 1837 2983 exemplum
1861 2922 1914 2967 et
1931 2913 2177 2983 simplicis
2192 2915 2327 2969 illius
2352 2937 2454 2971 ve-

1439 2991 1660 3044 nustatis
1673 3030 1689 3057 ‚
1705 3008 1822 3060 quae
1832 2991 2162 3046 sermonibus
2176 2991 2324 3048 addit
2338 3015 2459 3063 gra-

1441 3069 1568 3121 tiam
1587 3108 1603 3136 ,
1640 3079 1695 3122 et
1727 3081 1917 3124 exacto
1953 3071 2280 3125 narrationis.
2325 3076 2458 3127 Pars

1439 3168 1572 3208 una.
1624 3166 1745 3201 una.
1776 3149 1823 3202 E
1858 3148 2136 3203 traditione
2165 3151 2376 3221 antiqua
2401 3164 2456 3206 et

1445 3223 1679 3293 Alpheus
1695 3224 1793 3276 suit
1814 3235 2050 3291 venator,
2073 3228 2185 3292 ἀνὴρ
2203 3238 2449 3304 θηρευτὴς,
2538 3226 2551 3240 ’

1443 3313 1497 3356 et
1522 3300 1783 3354 Arethusa
1809 3303 2078 3356 venationi
2103 3304 2302 3360 devota.
2327 3308 2458 3360 Haec

1441 3381 1592 3435 illum
1610 3420 1625 3447 ,
1646 3380 1908 3433 connubia
1929 3381 2042 3450 ejus
2065 3402 2314 3453 respuens
2332 3424 2347 3450 ,
2373 3386 2460 3438 su-

1443 3460 1519 3529 git
1540 3459 1597 3511 in
1614 3457 1840 3511 insulam
1861 3457 2139 3531 Ortygiam
2158 3502 2173 3528 ,
2193 3462 2281 3515 ubi
2301 3467 2349 3529 ἕξ
2365 3465 2458 3516 ἄν·

1446 3550 1470 3593 θ
1498 3540 1618 3590 ‹ain-ou
1645 3540 1808 3603 ε’γίνετο
1834 3544 1970 3605 πηγή·
1996 3557 2101 3607 quo
2135 3540 2270 3592 sacto
2299 3541 2456 3593 etiam

1447 3564 1682 3683 Klpheus
1706 3632 1810 3682 proe
1840 3634 2020 3669 amore
2053 3626 2361 3671 extenuatus
2386 3628 2463 3672 est

1445 3696 1502 3749 in
1526 3694 1762 3748 fluvium.
1801 3695 2082 3750 Pausanias
2106 3735 2121 3762 ,
2163 3718 2209 3767 p.
2244 3699 2357 3771 390.
2395 3727 2461 3741 -

1447 3774 1601 3840 Legit
1622 3813 1635 3832 ‚
1676 3773 1829 3842 elegit
1872 3773 2030 3827 saltus
2073 3786 2219 3844 aptos
2265 3776 2331 3828 ad
2368 3796 2460 3829 ve-

1447 3850 1700 3906 nandum.
1730 3852 1818 3905 Sic
1840 3871 1995 3923 snpra
2024 3853 2077 3907 11
2097 3893 2112 3920 ,
2140 3856 2235 3922 448
2252 3895 2268 3923 ‚
2296 3859 2460 3910 saltas

1447 3936 1592 3998 elryit
1620 3937 1782 3997 aptos.

1514 4011 1626 4063 580.
1666 4013 1904 4076 Quamvis
1927 4010 2113 4078 forma·
2146 4020 2241 4064 etc.
2269 4012 2460 4063 Vena-

1448 4089 1602 4143 trices
1644 4088 1905 4159 Nymphae
1952 4110 2052 4145 nee
2098 4109 2333 4144 amorem
2368 4105 2465 4141 cu·-

2268 4297 2291 4350 «Ι
