<?xml version="1.0" encoding="UTF-8"?>
<!DOCTYPE html PUBLIC "-//W3C//DTD XHTML 1.0 Transitional//EN"
    "http://www.w3.org/TR/xhtml1/DTD/xhtml1-transitional.dtd">
<html xmlns="http://www.w3.org/1999/xhtml" xml:lang="en" lang="en">
 <head>
  <title>
</title>
<meta http-equiv="Content-Type" content="text/html;charset=utf-8" />
  <meta name='ocr-system' content='tesseract 3.04.00' />
  <meta name='ocr-capabilities' content='ocr_page ocr_carea ocr_par ocr_line ocrx_word'/>
</head>
<body>
  <div class='ocr_page' id='page_1' title='image "./publiiovidiinas04unkngoog_0285.png"; bbox 0 0 2975 4784; ppageno 0'>
   <div class='ocr_carea' id='block_1_1' title="bbox 672 391 2136 467">
    <p class='ocr_par' dir='ltr' id='par_1_1' title="bbox 672 391 2136 467">
     <span class='ocr_line' id='line_1_1' title="bbox 672 391 2136 467; baseline 0.006 -9"><span class='ocrx_word' id='word_1_1' title='bbox 672 391 1337 462; x_wconf 85' lang='lat' dir='ltr'>METAMORPH</span> <span class='ocrx_word' id='word_1_2' title='bbox 1359 393 1696 463; x_wconf 87' lang='lat' dir='ltr'><strong>OSEON</strong></span> <span class='ocrx_word' id='word_1_3' title='bbox 1746 399 1938 467; x_wconf 87' lang='lat' dir='ltr'>LIB.</span> <span class='ocrx_word' id='word_1_4' title='bbox 1984 400 2136 467; x_wconf 91' lang='lat'>111.</span> 
     </span>
    </p>
   </div>
   <div class='ocr_carea' id='block_1_2' title="bbox 2327 401 2461 493">
    <p class='ocr_par' dir='ltr' id='par_1_2' title="bbox 2327 401 2461 493">
     <span class='ocr_line' id='line_1_2' title="bbox 2327 401 2461 493; baseline 0.067 -9"><span class='ocrx_word' id='word_1_5' title='bbox 2327 401 2461 493; x_wconf 73' lang='lat'>249</span> 
     </span>
    </p>
   </div>
   <div class='ocr_carea' id='block_1_3' title="bbox 342 531 2465 1565">
    <p class='ocr_par' dir='ltr' id='par_1_3' title="bbox 342 531 2303 745">
     <span class='ocr_line' id='line_1_3' title="bbox 348 531 2303 636; baseline 0.004 -31"><span class='ocrx_word' id='word_1_6' title='bbox 348 565 385 598; x_wconf 87' lang='lat'>»</span> <span class='ocrx_word' id='word_1_7' title='bbox 425 533 559 606; x_wconf 90' lang='lat' dir='ltr'>Det</span> <span class='ocrx_word' id='word_1_8' title='bbox 591 532 719 606; x_wconf 90' lang='lat' dir='ltr'>tibi</span> <span class='ocrx_word' id='word_1_9' title='bbox 753 531 1175 636; x_wconf 79' lang='lat' dir='ltr'>complexus3</span> <span class='ocrx_word' id='word_1_10' title='bbox 1210 562 1458 635; x_wconf 84' lang='lat' dir='ltr'>suaque</span> <span class='ocrx_word' id='word_1_11' title='bbox 1499 552 1647 609; x_wconf 88' lang='lat' dir='ltr'>ante</span> <span class='ocrx_word' id='word_1_12' title='bbox 1678 537 1964 633; x_wconf 85' lang='lat' dir='ltr'>insignia</span> <span class='ocrx_word' id='word_1_13' title='bbox 2000 557 2229 618; x_wconf 87' lang='lat' dir='ltr'>sumat.</span> <span class='ocrx_word' id='word_1_14' title='bbox 2267 574 2303 606; x_wconf 74' lang='lat' dir='ltr'>n</span> 
     </span>
     <span class='ocr_line' id='line_1_4' title="bbox 342 649 1790 745; baseline 0.003 -24"><span class='ocrx_word' id='word_1_15' title='bbox 342 649 620 724; x_wconf 84' lang='lat' dir='ltr'>Talibus</span> <span class='ocrx_word' id='word_1_16' title='bbox 651 649 947 745; x_wconf 81' lang='lat' dir='ltr'>ignaram</span> <span class='ocrx_word' id='word_1_17' title='bbox 979 652 1164 724; x_wconf 85' lang='lat' dir='ltr'>Juno</span> <span class='ocrx_word' id='word_1_18' title='bbox 1200 650 1555 725; x_wconf 83' lang='lat' dir='ltr'>Cadmeida</span> <span class='ocrx_word' id='word_1_19' title='bbox 1597 651 1790 726; x_wconf 83' lang='lat' dir='ltr'>dictis</span> 
     </span>
    </p>

    <p class='ocr_par' dir='ltr' id='par_1_4' title="bbox 343 764 2136 862">
     <span class='ocr_line' id='line_1_5' title="bbox 343 764 2136 862; baseline 0.002 -24"><span class='ocrx_word' id='word_1_20' title='bbox 343 764 688 840; x_wconf 87' lang='lat' dir='ltr'>Formarat</span> <span class='ocrx_word' id='word_1_21' title='bbox 715 796 732 839; x_wconf 76' lang='grc' dir='ltr'><strong><em>ε</em></strong></span> <span class='ocrx_word' id='word_1_22' title='bbox 766 784 957 862; x_wconf 80' lang='lat' dir='ltr'>rogat</span> <span class='ocrx_word' id='word_1_23' title='bbox 985 765 1098 841; x_wconf 91' lang='lat' dir='ltr'>illa</span> <span class='ocrx_word' id='word_1_24' title='bbox 1128 768 1361 840; x_wconf 85' lang='lat' dir='ltr'>Jovem</span> <span class='ocrx_word' id='word_1_25' title='bbox 1393 768 1536 840; x_wconf 89' lang='lat' dir='ltr'>sine</span> <span class='ocrx_word' id='word_1_26' title='bbox 1571 769 1841 842; x_wconf 89' lang='lat' dir='ltr'>nomine</span> <span class='ocrx_word' id='word_1_27' title='bbox 1874 795 2136 844; x_wconf 81' lang='lat' dir='ltr'>munus,</span> 
     </span>
    </p>

    <p class='ocr_par' dir='ltr' id='par_1_5' title="bbox 346 881 2173 985">
     <span class='ocr_line' id='line_1_6' title="bbox 346 881 2173 985; baseline 0.002 -30"><span class='ocrx_word' id='word_1_28' title='bbox 346 881 476 955; x_wconf 85' lang='lat' dir='ltr'>Cui</span> <span class='ocrx_word' id='word_1_29' title='bbox 508 882 729 971; x_wconf 88' lang='lat' dir='ltr'>Deus,</span> <span class='ocrx_word' id='word_1_30' title='bbox 772 915 807 947; x_wconf 88' lang='lat'><strong><em>«</em></strong></span> <span class='ocrx_word' id='word_1_31' title='bbox 840 882 1070 979; x_wconf 82' lang='lat' dir='ltr'>Elige,</span> <span class='ocrx_word' id='word_1_32' title='bbox 1108 882 1230 971; x_wconf 82' lang='lat' dir='ltr'>ait3</span> <span class='ocrx_word' id='word_1_33' title='bbox 1264 881 1514 958; x_wconf 89' lang='lat' dir='ltr'>nullam</span> <span class='ocrx_word' id='word_1_34' title='bbox 1547 885 1798 984; x_wconf 88' lang='lat' dir='ltr'>patiere</span> <span class='ocrx_word' id='word_1_35' title='bbox 1825 883 2173 985; x_wconf 82' lang='lat' dir='ltr'><strong>repulsam.</strong></span> 
     </span>
    </p>

    <p class='ocr_par' dir='ltr' id='par_1_6' title="bbox 348 998 2465 1192">
     <span class='ocr_line' id='line_1_7' title="bbox 353 998 2465 1101; baseline 0 -29"><span class='ocrx_word' id='word_1_36' title='bbox 353 1031 387 1062; x_wconf 86' lang='lat'>»</span> <span class='ocrx_word' id='word_1_37' title='bbox 425 998 719 1100; x_wconf 82' lang='lat' dir='ltr'>Quoque</span> <span class='ocrx_word' id='word_1_38' title='bbox 753 1000 962 1094; x_wconf 82' lang='lat' dir='ltr'>magis</span> <span class='ocrx_word' id='word_1_39' title='bbox 997 999 1257 1089; x_wconf 76' lang='lat' dir='ltr'>credaS,</span> <span class='ocrx_word' id='word_1_40' title='bbox 1296 999 1509 1101; x_wconf 81' lang='lat' dir='ltr'>Stygii</span> <span class='ocrx_word' id='word_1_41' title='bbox 1546 1030 1817 1101; x_wconf 90' lang='lat' dir='ltr'>quoque</span> <span class='ocrx_word' id='word_1_42' title='bbox 1848 1002 2112 1075; x_wconf 88' lang='lat' dir='ltr'>conscia</span> <span class='ocrx_word' id='word_1_43' title='bbox 2144 1019 2339 1076; x_wconf 87' lang='lat' dir='ltr'>sunto</span> <span class='ocrx_word' id='word_1_44' title='bbox 2369 1038 2465 1094; x_wconf 78' lang='lat'>290</span> 
     </span>
     <span class='ocr_line' id='line_1_8' title="bbox 348 1114 2247 1192; baseline 0 -6"><span class='ocrx_word' id='word_1_45' title='bbox 348 1147 386 1178; x_wconf 70' lang='lat'>³»</span> <span class='ocrx_word' id='word_1_46' title='bbox 423 1114 713 1190; x_wconf 80' lang='lat' dir='ltr'><strong>Numina</strong></span> <span class='ocrx_word' id='word_1_47' title='bbox 738 1115 1050 1191; x_wconf 88' lang='lat' dir='ltr'>torrentis</span> <span class='ocrx_word' id='word_1_48' title='bbox 1085 1145 1101 1188; x_wconf 74' lang='grc' dir='ltr'><strong>ε</strong></span> <span class='ocrx_word' id='word_1_49' title='bbox 1138 1115 1341 1189; x_wconf 89' lang='lat' dir='ltr'>timor</span> <span class='ocrx_word' id='word_1_50' title='bbox 1371 1134 1439 1189; x_wconf 91' lang='lat' dir='ltr'>et</span> <span class='ocrx_word' id='word_1_51' title='bbox 1468 1117 1655 1191; x_wconf 88' lang='lat' dir='ltr'>Deus</span> <span class='ocrx_word' id='word_1_52' title='bbox 1686 1115 1799 1192; x_wconf 88' lang='lat' dir='ltr'>ille</span> <span class='ocrx_word' id='word_1_53' title='bbox 1838 1118 2154 1190; x_wconf 86' lang='lat' dir='ltr'>Deorum.</span> <span class='ocrx_word' id='word_1_54' title='bbox 2191 1150 2247 1186; x_wconf 85' lang='lat'>».</span> 
     </span>
    </p>

    <p class='ocr_par' dir='ltr' id='par_1_7' title="bbox 342 1228 2293 1446">
     <span class='ocr_line' id='line_1_9' title="bbox 342 1228 2293 1333; baseline 0.001 -31"><span class='ocrx_word' id='word_1_55' title='bbox 342 1230 521 1304; x_wconf 80' lang='lat' dir='ltr'>Laeta</span> <span class='ocrx_word' id='word_1_56' title='bbox 554 1229 763 1318; x_wconf 89' lang='lat' dir='ltr'>malo,</span> <span class='ocrx_word' id='word_1_57' title='bbox 799 1231 1209 1332; x_wconf 90' lang='lat' dir='ltr'>nimiumque</span> <span class='ocrx_word' id='word_1_58' title='bbox 1243 1247 1518 1333; x_wconf 89' lang='lat' dir='ltr'>potens,</span> <span class='ocrx_word' id='word_1_59' title='bbox 1555 1232 1978 1333; x_wconf 78' lang='lat' dir='ltr'><strong>perituraque</strong></span> <span class='ocrx_word' id='word_1_60' title='bbox 2010 1228 2293 1306; x_wconf 85' lang='lat' dir='ltr'>amantis</span> 
     </span>
     <span class='ocr_line' id='line_1_10' title="bbox 345 1345 2042 1446; baseline 0.001 -27"><span class='ocrx_word' id='word_1_61' title='bbox 345 1345 697 1445; x_wconf 80' lang='lat' dir='ltr'>Obsequio</span> <span class='ocrx_word' id='word_1_62' title='bbox 731 1345 1020 1436; x_wconf 83' lang='lat' dir='ltr'>Semele,</span> <span class='ocrx_word' id='word_1_63' title='bbox 1060 1380 1095 1412; x_wconf 92' lang='lat'>«</span> <span class='ocrx_word' id='word_1_64' title='bbox 1135 1346 1421 1446; x_wconf 80' lang='lat' dir='ltr'>Qualem</span> <span class='ocrx_word' id='word_1_65' title='bbox 1458 1348 1800 1437; x_wconf 88' lang='lat' dir='ltr'>Saturnia,</span> <span class='ocrx_word' id='word_1_66' title='bbox 1834 1348 2002 1421; x_wconf 84' lang='lat' dir='ltr'>dixit</span> <span class='ocrx_word' id='word_1_67' title='bbox 2021 1403 2042 1435; x_wconf 88' lang='lat'>,</span> 
     </span>
    </p>

    <p class='ocr_par' dir='ltr' id='par_1_8' title="bbox 347 1459 2150 1565">
     <span class='ocr_line' id='line_1_11' title="bbox 347 1459 2150 1565; baseline 0.003 -33"><span class='ocrx_word' id='word_1_68' title='bbox 347 1493 383 1524; x_wconf 73' lang='grc' dir='ltr'>ι»</span> <span class='ocrx_word' id='word_1_69' title='bbox 423 1462 521 1533; x_wconf 93' lang='lat' dir='ltr'>Te</span> <span class='ocrx_word' id='word_1_70' title='bbox 555 1459 726 1534; x_wconf 88' lang='lat' dir='ltr'>solet</span> <span class='ocrx_word' id='word_1_71' title='bbox 756 1460 1095 1563; x_wconf 81' lang='lat' dir='ltr'>amplecti,</span> <span class='ocrx_word' id='word_1_72' title='bbox 1133 1463 1410 1537; x_wconf 88' lang='lat' dir='ltr'>Veneris</span> <span class='ocrx_word' id='word_1_73' title='bbox 1446 1493 1655 1565; x_wconf 88' lang='lat' dir='ltr'>quum</span> <span class='ocrx_word' id='word_1_74' title='bbox 1679 1463 1898 1538; x_wconf 87' lang='lat' dir='ltr'>foedus</span> <span class='ocrx_word' id='word_1_75' title='bbox 1928 1464 2150 1551; x_wconf 82' lang='lat' dir='ltr'>initis,</span> 
     </span>
    </p>
   </div>
   <div class='ocr_carea' id='block_1_4' title="bbox 348 1576 2144 1682">
    <p class='ocr_par' dir='ltr' id='par_1_9' title="bbox 348 1576 2144 1682">
     <span class='ocr_line' id='line_1_12' title="bbox 348 1576 2144 1682; baseline 0.004 -33"><span class='ocrx_word' id='word_1_76' title='bbox 348 1611 384 1641; x_wconf 85' lang='lat'>»</span> <span class='ocrx_word' id='word_1_77' title='bbox 424 1577 528 1651; x_wconf 90' lang='lat' dir='ltr'>Da</span> <span class='ocrx_word' id='word_1_78' title='bbox 562 1576 727 1649; x_wconf 89' lang='lat' dir='ltr'>mihi</span> <span class='ocrx_word' id='word_1_79' title='bbox 761 1594 823 1651; x_wconf 90' lang='lat' dir='ltr'>te</span> <span class='ocrx_word' id='word_1_80' title='bbox 856 1578 1071 1652; x_wconf 89' lang='lat' dir='ltr'>talem.</span> <span class='ocrx_word' id='word_1_81' title='bbox 1105 1612 1142 1644; x_wconf 72' lang='lat'>³»</span> <span class='ocrx_word' id='word_1_82' title='bbox 1179 1578 1418 1653; x_wconf 84' lang='lat' dir='ltr'>Voluit</span> <span class='ocrx_word' id='word_1_83' title='bbox 1444 1581 1630 1654; x_wconf 87' lang='lat' dir='ltr'>Dens</span> <span class='ocrx_word' id='word_1_84' title='bbox 1664 1609 1780 1655; x_wconf 88' lang='lat' dir='ltr'>ora</span> <span class='ocrx_word' id='word_1_85' title='bbox 1811 1579 2144 1682; x_wconf 85' lang='lat' dir='ltr'>loquentis</span> 
     </span>
    </p>
   </div>
   <div class='ocr_carea' id='block_1_5' title="bbox 2364 1602 2463 1671">
    <p class='ocr_par' dir='ltr' id='par_1_10' title="bbox 2364 1602 2463 1671">
     <span class='ocr_line' id='line_1_13' title="bbox 2364 1602 2463 1671; baseline 0 0"><span class='ocrx_word' id='word_1_86' title='bbox 2364 1602 2463 1671; x_wconf 54' lang='grc' dir='ltr'>αφ</span> 
     </span>
    </p>
   </div>
   <div class='ocr_carea' id='block_1_6' title="bbox 342 1692 2246 2144">
    <p class='ocr_par' dir='ltr' id='par_1_11' title="bbox 342 1692 2246 2144">
     <span class='ocr_line' id='line_1_14' title="bbox 345 1692 2172 1797; baseline 0.003 -33"><span class='ocrx_word' id='word_1_87' title='bbox 345 1692 782 1793; x_wconf 78' lang='lat' dir='ltr'>opprimere:</span> <span class='ocrx_word' id='word_1_88' title='bbox 816 1695 1059 1768; x_wconf 83' lang='lat' dir='ltr'>exierat</span> <span class='ocrx_word' id='word_1_89' title='bbox 1088 1696 1219 1794; x_wconf 88' lang='lat' dir='ltr'>jam</span> <span class='ocrx_word' id='word_1_90' title='bbox 1256 1723 1383 1769; x_wconf 86' lang='lat' dir='ltr'>vox</span> <span class='ocrx_word' id='word_1_91' title='bbox 1415 1715 1770 1797; x_wconf 84' lang='lat' dir='ltr'>properata</span> <span class='ocrx_word' id='word_1_92' title='bbox 1803 1697 1929 1771; x_wconf 87' lang='lat' dir='ltr'>sub</span> <span class='ocrx_word' id='word_1_93' title='bbox 1964 1726 2172 1772; x_wconf 78' lang='lat' dir='ltr'>auras,</span> 
     </span>
     <span class='ocr_line' id='line_1_15' title="bbox 344 1808 2246 1916; baseline 0.003 -35"><span class='ocrx_word' id='word_1_94' title='bbox 344 1808 717 1902; x_wconf 80' lang='lat' dir='ltr'>Ingemuit3</span> <span class='ocrx_word' id='word_1_95' title='bbox 748 1836 965 1910; x_wconf 90' lang='lat' dir='ltr'>neque</span> <span class='ocrx_word' id='word_1_96' title='bbox 1000 1809 1174 1883; x_wconf 89' lang='lat' dir='ltr'>enim</span> <span class='ocrx_word' id='word_1_97' title='bbox 1206 1838 1340 1883; x_wconf 91' lang='lat' dir='ltr'>non</span> <span class='ocrx_word' id='word_1_98' title='bbox 1372 1810 1511 1885; x_wconf 83' lang='lat' dir='ltr'>haec</span> <span class='ocrx_word' id='word_1_99' title='bbox 1549 1832 1812 1914; x_wconf 89' lang='lat' dir='ltr'>optasse</span> <span class='ocrx_word' id='word_1_100' title='bbox 1832 1871 1850 1901; x_wconf 93' lang='lat'>,</span> <span class='ocrx_word' id='word_1_101' title='bbox 1888 1843 2101 1916; x_wconf 83' lang='lat' dir='ltr'>neque</span> <span class='ocrx_word' id='word_1_102' title='bbox 2135 1813 2246 1887; x_wconf 88' lang='lat' dir='ltr'>ille</span> 
     </span>
     <span class='ocr_line' id='line_1_16' title="bbox 342 1922 2022 2025; baseline 0.005 -30"><span class='ocrx_word' id='word_1_103' title='bbox 342 1924 498 1996; x_wconf 87' lang='lat' dir='ltr'>Non</span> <span class='ocrx_word' id='word_1_104' title='bbox 530 1922 781 2022; x_wconf 87' lang='lat' dir='ltr'>jurasse</span> <span class='ocrx_word' id='word_1_105' title='bbox 817 1941 1040 2025; x_wconf 87' lang='lat' dir='ltr'>potest</span> <span class='ocrx_word' id='word_1_106' title='bbox 1074 1956 1090 1999; x_wconf 87' lang='lat'>:</span> <span class='ocrx_word' id='word_1_107' title='bbox 1130 1954 1286 2022; x_wconf 85' lang='lat' dir='ltr'>ergo</span> <span class='ocrx_word' id='word_1_108' title='bbox 1321 1928 1782 2003; x_wconf 66' lang='lat' dir='ltr'>moestissimus</span> <span class='ocrx_word' id='word_1_109' title='bbox 1817 1927 2022 2004; x_wconf 89' lang='lat' dir='ltr'>altum</span> 
     </span>
     <span class='ocr_line' id='line_1_17' title="bbox 347 2040 2017 2144; baseline 0.003 -32"><span class='ocrx_word' id='word_1_110' title='bbox 347 2040 622 2114; x_wconf 86' lang='lat' dir='ltr'>AEthera</span> <span class='ocrx_word' id='word_1_111' title='bbox 657 2040 1074 2127; x_wconf 86' lang='lat' dir='ltr'>conscendit,</span> <span class='ocrx_word' id='word_1_112' title='bbox 1107 2058 1409 2144; x_wconf 87' lang='lat' dir='ltr'>nutuque</span> <span class='ocrx_word' id='word_1_113' title='bbox 1444 2044 1786 2143; x_wconf 85' lang='lat' dir='ltr'>sequentia</span> <span class='ocrx_word' id='word_1_114' title='bbox 1821 2046 2017 2118; x_wconf 83' lang='lat' dir='ltr'>traxit</span> 
     </span>
    </p>
   </div>
   <div class='ocr_carea' id='block_1_7' title="bbox 344 2149 2167 2258">
    <p class='ocr_par' dir='ltr' id='par_1_12' title="bbox 344 2149 2167 2258">
     <span class='ocr_line' id='line_1_18' title="bbox 344 2149 2167 2258; baseline 0.002 -28"><span class='ocrx_word' id='word_1_115' title='bbox 344 2156 637 2243; x_wconf 85' lang='lat' dir='ltr'>Nubila;</span> <span class='ocrx_word' id='word_1_116' title='bbox 676 2158 827 2258; x_wconf 89' lang='lat' dir='ltr'>quis</span> <span class='ocrx_word' id='word_1_117' title='bbox 860 2149 1168 2245; x_wconf 85' lang='lat' dir='ltr'>nimbos,</span> <span class='ocrx_word' id='word_1_118' title='bbox 1200 2158 1629 2258; x_wconf 79' lang='lat' dir='ltr'>immixtaque</span> <span class='ocrx_word' id='word_1_119' title='bbox 1657 2157 1920 2253; x_wconf 79' lang='lat' dir='ltr'>fulgura</span> <span class='ocrx_word' id='word_1_120' title='bbox 1953 2159 2167 2234; x_wconf 85' lang='lat' dir='ltr'>ventis</span> 
     </span>
    </p>
   </div>
   <div class='ocr_carea' id='block_1_8' title="bbox 2365 2180 2462 2231">
    <p class='ocr_par' dir='ltr' id='par_1_13' title="bbox 2365 2180 2462 2231">
     <span class='ocr_line' id='line_1_19' title="bbox 2365 2180 2462 2231; baseline -0.041 1"><span class='ocrx_word' id='word_1_121' title='bbox 2365 2180 2462 2231; x_wconf 76' lang='lat'>300</span> 
     </span>
    </p>
   </div>
   <div class='ocr_carea' id='block_1_9' title="bbox 341 2272 2220 2490">
    <p class='ocr_par' dir='ltr' id='par_1_14' title="bbox 341 2272 2220 2490">
     <span class='ocr_line' id='line_1_20' title="bbox 344 2272 1930 2362; baseline 0 -15"><span class='ocrx_word' id='word_1_122' title='bbox 344 2274 665 2362; x_wconf 82' lang='lat' dir='ltr'>Addidit,</span> <span class='ocrx_word' id='word_1_123' title='bbox 701 2292 770 2348; x_wconf 90' lang='lat' dir='ltr'>et</span> <span class='ocrx_word' id='word_1_124' title='bbox 803 2275 1122 2361; x_wconf 86' lang='lat' dir='ltr'>tonitrus,</span> <span class='ocrx_word' id='word_1_125' title='bbox 1158 2290 1224 2346; x_wconf 85' lang='lat' dir='ltr'>et</span> <span class='ocrx_word' id='word_1_126' title='bbox 1251 2272 1630 2348; x_wconf 86' lang='lat' dir='ltr'>inevitabile</span> <span class='ocrx_word' id='word_1_127' title='bbox 1661 2273 1930 2349; x_wconf 90' lang='lat' dir='ltr'>fulmen.</span> 
     </span>
     <span class='ocr_line' id='line_1_21' title="bbox 341 2386 2220 2490; baseline -0.001 -26"><span class='ocrx_word' id='word_1_128' title='bbox 341 2392 497 2489; x_wconf 82' lang='lat' dir='ltr'>Qua</span> <span class='ocrx_word' id='word_1_129' title='bbox 531 2408 744 2463; x_wconf 85' lang='lat' dir='ltr'>tamen</span> <span class='ocrx_word' id='word_1_130' title='bbox 778 2416 989 2490; x_wconf 86' lang='lat' dir='ltr'>usque</span> <span class='ocrx_word' id='word_1_131' title='bbox 1021 2405 1241 2490; x_wconf 85' lang='lat' dir='ltr'>potest</span> <span class='ocrx_word' id='word_1_132' title='bbox 1261 2444 1281 2478; x_wconf 90' lang='lat'>,</span> <span class='ocrx_word' id='word_1_133' title='bbox 1313 2388 1484 2462; x_wconf 81' lang='lat' dir='ltr'>vires</span> <span class='ocrx_word' id='word_1_134' title='bbox 1520 2387 1650 2462; x_wconf 89' lang='lat' dir='ltr'>sibi</span> <span class='ocrx_word' id='word_1_135' title='bbox 1684 2386 1937 2464; x_wconf 87' lang='lat' dir='ltr'>demere</span> <span class='ocrx_word' id='word_1_136' title='bbox 1975 2407 2220 2464; x_wconf 84' lang='lat' dir='ltr'>tentat:</span> 
     </span>
    </p>
   </div>
   <div class='ocr_carea' id='block_1_10' title="bbox 336 2597 1362 4233">
    <p class='ocr_par' dir='ltr' id='par_1_15' title="bbox 342 2597 1348 2744">
     <span class='ocr_line' id='line_1_22' title="bbox 342 2597 1348 2661; baseline -0.003 -9"><span class='ocrx_word' id='word_1_137' title='bbox 342 2597 447 2652; x_wconf 75' lang='lat' dir='ltr'>od.</span> <span class='ocrx_word' id='word_1_138' title='bbox 484 2614 560 2651; x_wconf 79' lang='lat' dir='ltr'>nr.</span> <span class='ocrx_word' id='word_1_139' title='bbox 589 2625 658 2642; x_wconf 87' lang='lat'>—-</span> <span class='ocrx_word' id='word_1_140' title='bbox 689 2599 981 2661; x_wconf 72' lang='lat' dir='ltr'>Famae-at,</span> <span class='ocrx_word' id='word_1_141' title='bbox 1018 2597 1348 2653; x_wconf 77' lang='lat' dir='ltr'>instruxerat.</span> 
     </span>
     <span class='ocr_line' id='line_1_23' title="bbox 343 2675 1319 2744; baseline -0.002 -15"><span class='ocrx_word' id='word_1_142' title='bbox 343 2677 465 2731; x_wconf 84' lang='lat' dir='ltr'>vid.</span> <span class='ocrx_word' id='word_1_143' title='bbox 489 2676 661 2731; x_wconf 73' lang='lat' dir='ltr'>Graev.</span> <span class='ocrx_word' id='word_1_144' title='bbox 687 2675 752 2729; x_wconf 86' lang='lat' dir='ltr'>ad</span> <span class='ocrx_word' id='word_1_145' title='bbox 775 2676 969 2730; x_wconf 84' lang='lat' dir='ltr'>Justin.</span> <span class='ocrx_word' id='word_1_146' title='bbox 994 2677 1126 2744; x_wconf 87' lang='lat' dir='ltr'>XX,</span> <span class='ocrx_word' id='word_1_147' title='bbox 1156 2693 1242 2742; x_wconf 70' lang='grc' dir='ltr'>ιν,</span> <span class='ocrx_word' id='word_1_148' title='bbox 1270 2677 1319 2729; x_wconf 82' lang='lat'>3.</span> 
     </span>
    </p>

    <p class='ocr_par' dir='ltr' id='par_1_16' title="bbox 336 2755 1354 3125">
     <span class='ocr_line' id='line_1_24' title="bbox 408 2755 1351 2832; baseline -0.003 -21"><span class='ocrx_word' id='word_1_149' title='bbox 408 2778 525 2832; x_wconf 76' lang='lat'>²9¹·</span> <span class='ocrx_word' id='word_1_150' title='bbox 567 2760 737 2811; x_wconf 74' lang='lat' dir='ltr'>Timor</span> <span class='ocrx_word' id='word_1_151' title='bbox 765 2763 820 2810; x_wconf 77' lang='lat' dir='ltr'>el</span> <span class='ocrx_word' id='word_1_152' title='bbox 848 2759 992 2810; x_wconf 76' lang='lat' dir='ltr'>Dens</span> <span class='ocrx_word' id='word_1_153' title='bbox 1026 2768 1125 2811; x_wconf 86' lang='lat' dir='ltr'>etc.</span> <span class='ocrx_word' id='word_1_154' title='bbox 1161 2755 1351 2811; x_wconf 87' lang='lat' dir='ltr'>Ordo:</span> 
     </span>
     <span class='ocr_line' id='line_1_25' title="bbox 336 2834 1351 2897; baseline -0.003 -7"><span class='ocrx_word' id='word_1_155' title='bbox 336 2843 392 2890; x_wconf 79' lang='lat' dir='ltr'>et</span> <span class='ocrx_word' id='word_1_156' title='bbox 411 2840 505 2889; x_wconf 83' lang='lat' dir='ltr'>ille</span> <span class='ocrx_word' id='word_1_157' title='bbox 523 2838 668 2890; x_wconf 76' lang='lat' dir='ltr'>Deus</span> <span class='ocrx_word' id='word_1_158' title='bbox 687 2842 769 2888; x_wconf 78' lang='lat' dir='ltr'>est</span> <span class='ocrx_word' id='word_1_159' title='bbox 786 2839 935 2888; x_wconf 61' lang='lat' dir='ltr'>timor</span> <span class='ocrx_word' id='word_1_160' title='bbox 951 2837 1187 2897; x_wconf 79' lang='lat' dir='ltr'>Deonm,</span> <span class='ocrx_word' id='word_1_161' title='bbox 1206 2834 1351 2888; x_wconf 87' lang='lat' dir='ltr'>hunc</span> 
     </span>
     <span class='ocr_line' id='line_1_26' title="bbox 340 2911 1353 2983; baseline -0.002 -17"><span class='ocrx_word' id='word_1_162' title='bbox 340 2932 554 2983; x_wconf 83' lang='lat' dir='ltr'>quoque</span> <span class='ocrx_word' id='word_1_163' title='bbox 592 2912 685 2965; x_wconf 84' lang='lat' dir='ltr'>Dii</span> <span class='ocrx_word' id='word_1_164' title='bbox 723 2912 910 2966; x_wconf 85' lang='lat' dir='ltr'>timere</span> <span class='ocrx_word' id='word_1_165' title='bbox 945 2911 1129 2966; x_wconf 85' lang='lat' dir='ltr'>solent.</span> <span class='ocrx_word' id='word_1_166' title='bbox 1168 2913 1353 2966; x_wconf 72' lang='lat' dir='ltr'>Burin.</span> 
     </span>
     <span class='ocr_line' id='line_1_27' title="bbox 342 2988 1354 3060; baseline -0.001 -15"><span class='ocrx_word' id='word_1_167' title='bbox 342 2991 487 3045; x_wconf 85' lang='lat' dir='ltr'>Male</span> <span class='ocrx_word' id='word_1_168' title='bbox 512 2992 688 3060; x_wconf 82' lang='lat' dir='ltr'>itaque</span> <span class='ocrx_word' id='word_1_169' title='bbox 710 2988 863 3043; x_wconf 82' lang='lat' dir='ltr'>Rode</span> <span class='ocrx_word' id='word_1_170' title='bbox 889 3029 906 3056; x_wconf 90' lang='lat'>,</span> <span class='ocrx_word' id='word_1_171' title='bbox 936 2993 1019 3044; x_wconf 73' lang='lat' dir='ltr'>dle</span> <span class='ocrx_word' id='word_1_172' title='bbox 1041 2992 1228 3044; x_wconf 66' lang='lat' dir='ltr'>Furcae</span> <span class='ocrx_word' id='word_1_173' title='bbox 1249 3031 1264 3056; x_wconf 92' lang='lat'>,</span> <span class='ocrx_word' id='word_1_174' title='bbox 1282 2992 1354 3059; x_wconf 82' lang='lat' dir='ltr'>ja</span> 
     </span>
     <span class='ocr_line' id='line_1_28' title="bbox 343 3073 1029 3125; baseline -0.001 0"><span class='ocrx_word' id='word_1_175' title='bbox 343 3075 430 3125; x_wconf 65' lang='lat' dir='ltr'>dier</span> <span class='ocrx_word' id='word_1_176' title='bbox 453 3073 686 3125; x_wconf 65' lang='lat' dir='ltr'>Gotthen</span> <span class='ocrx_word' id='word_1_177' title='bbox 698 3073 789 3123; x_wconf 81' lang='lat' dir='ltr'>der</span> <span class='ocrx_word' id='word_1_178' title='bbox 810 3073 1029 3124; x_wconf 79' lang='lat' dir='ltr'>Goeller.</span> 
     </span>
    </p>

    <p class='ocr_par' dir='ltr' id='par_1_17' title="bbox 342 3147 1362 4233">
     <span class='ocr_line' id='line_1_29' title="bbox 409 3147 1355 3221; baseline -0.001 -19"><span class='ocrx_word' id='word_1_179' title='bbox 409 3169 523 3221; x_wconf 76' lang='lat'>²9²·</span> <span class='ocrx_word' id='word_1_180' title='bbox 537 3151 850 3216; x_wconf 56' lang='lat' dir='ltr'>Hamas-qne</span> <span class='ocrx_word' id='word_1_181' title='bbox 860 3154 1057 3216; x_wconf 72' lang='lat' dir='ltr'>polens.</span> <span class='ocrx_word' id='word_1_182' title='bbox 1072 3147 1162 3201; x_wconf 85' lang='lat' dir='ltr'>Sic</span> <span class='ocrx_word' id='word_1_183' title='bbox 1177 3164 1355 3202; x_wconf 83' lang='lat' dir='ltr'>rursus</span> 
     </span>
     <span class='ocr_line' id='line_1_30' title="bbox 344 3224 1354 3296; baseline -0.007 -14"><span class='ocrx_word' id='word_1_184' title='bbox 344 3235 563 3296; x_wconf 84' lang='lat' dir='ltr'>occupat</span> <span class='ocrx_word' id='word_1_185' title='bbox 591 3235 841 3279; x_wconf 80' lang='lat' dir='ltr'>eventum</span> <span class='ocrx_word' id='word_1_186' title='bbox 866 3224 960 3278; x_wconf 88' lang='lat' dir='ltr'>rei.</span> <span class='ocrx_word' id='word_1_187' title='bbox 1001 3226 1221 3278; x_wconf 58' lang='lat' dir='ltr'>Nea-mn</span> <span class='ocrx_word' id='word_1_188' title='bbox 1244 3243 1354 3292; x_wconf 81' lang='lat' dir='ltr'>po-</span> 
     </span>
     <span class='ocr_line' id='line_1_31' title="bbox 343 3300 1356 3370; baseline -0.003 -12"><span class='ocrx_word' id='word_1_189' title='bbox 343 3313 457 3358; x_wconf 72' lang='lat' dir='ltr'>lens</span> <span class='ocrx_word' id='word_1_190' title='bbox 470 3345 487 3368; x_wconf 83' lang='lat'>,</span> <span class='ocrx_word' id='word_1_191' title='bbox 514 3304 741 3358; x_wconf 84' lang='lat' dir='ltr'>nimium</span> <span class='ocrx_word' id='word_1_192' title='bbox 761 3303 941 3356; x_wconf 79' lang='lat' dir='ltr'>valens</span> <span class='ocrx_word' id='word_1_193' title='bbox 959 3301 1195 3370; x_wconf 76' lang='lat' dir='ltr'>precibus</span> <span class='ocrx_word' id='word_1_194' title='bbox 1218 3300 1356 3370; x_wconf 85' lang='lat' dir='ltr'>apud</span> 
     </span>
     <span class='ocr_line' id='line_1_32' title="bbox 346 3379 1356 3450; baseline -0.003 -14"><span class='ocrx_word' id='word_1_195' title='bbox 346 3382 633 3436; x_wconf 74' lang='lat' dir='ltr'>Jovem.—</span> <span class='ocrx_word' id='word_1_196' title='bbox 649 3381 898 3450; x_wconf 69' lang='lat' dir='ltr'>Obsequio</span> <span class='ocrx_word' id='word_1_197' title='bbox 918 3383 1153 3433; x_wconf 66' lang='lat' dir='ltr'>amanlis.</span> <span class='ocrx_word' id='word_1_198' title='bbox 1180 3379 1356 3433; x_wconf 84' lang='lat' dir='ltr'>Etiam</span> 
     </span>
     <span class='ocr_line' id='line_1_33' title="bbox 347 3461 1358 3530; baseline -0.002 -14"><span class='ocrx_word' id='word_1_199' title='bbox 347 3463 396 3515; x_wconf 81' lang='lat' dir='ltr'><strong>F</strong></span> <span class='ocrx_word' id='word_1_200' title='bbox 393 3473 487 3516; x_wconf 80' lang='lat' dir='ltr'>ast.</span> <span class='ocrx_word' id='word_1_201' title='bbox 507 3461 589 3515; x_wconf 85' lang='lat' dir='ltr'>Vl</span> <span class='ocrx_word' id='word_1_202' title='bbox 604 3502 621 3530; x_wconf 87' lang='lat'>‚</span> <span class='ocrx_word' id='word_1_203' title='bbox 647 3462 744 3529; x_wconf 80' lang='lat'>485</span> <span class='ocrx_word' id='word_1_204' title='bbox 758 3480 771 3513; x_wconf 90' lang='lat'><strong>:</strong></span> <span class='ocrx_word' id='word_1_205' title='bbox 784 3461 1002 3513; x_wconf 72' lang='lat' dir='ltr'>Ars-erat</span> <span class='ocrx_word' id='word_1_206' title='bbox 1016 3464 1252 3529; x_wconf 78' lang='lat' dir='ltr'>obsequio</span> <span class='ocrx_word' id='word_1_207' title='bbox 1267 3462 1358 3514; x_wconf 76' lang='lat' dir='ltr'>Se-</span> 
     </span>
     <span class='ocr_line' id='line_1_34' title="bbox 342 3537 1357 3610; baseline -0.004 -15"><span class='ocrx_word' id='word_1_208' title='bbox 342 3545 474 3595; x_wconf 73' lang='lat' dir='ltr'>mele</span> <span class='ocrx_word' id='word_1_209' title='bbox 494 3541 655 3595; x_wconf 70' lang='lat' dir='ltr'>Jooz&#39;s.</span> <span class='ocrx_word' id='word_1_210' title='bbox 679 3539 928 3610; x_wconf 78' lang='lat' dir='ltr'>Exposuit</span> <span class='ocrx_word' id='word_1_211' title='bbox 950 3537 1016 3593; x_wconf 90' lang='lat' dir='ltr'>de</span> <span class='ocrx_word' id='word_1_212' title='bbox 1036 3538 1089 3592; x_wconf 86' lang='lat' dir='ltr'>h.</span> <span class='ocrx_word' id='word_1_213' title='bbox 1109 3557 1157 3593; x_wconf 80' lang='lat' dir='ltr'>v.</span> <span class='ocrx_word' id='word_1_214' title='bbox 1171 3539 1357 3592; x_wconf 84' lang='lat' dir='ltr'>Burm.</span> 
     </span>
     <span class='ocr_line' id='line_1_35' title="bbox 348 3616 1354 3687; baseline 0 -15"><span class='ocrx_word' id='word_1_215' title='bbox 348 3617 416 3672; x_wconf 82' lang='lat' dir='ltr'>ad</span> <span class='ocrx_word' id='word_1_216' title='bbox 429 3617 658 3687; x_wconf 88' lang='lat' dir='ltr'>Quintil.</span> <span class='ocrx_word' id='word_1_217' title='bbox 676 3618 834 3684; x_wconf 81' lang='lat' dir='ltr'>vul,</span> <span class='ocrx_word' id='word_1_218' title='bbox 854 3619 980 3672; x_wconf 78' lang='lat' dir='ltr'>[nst.</span> <span class='ocrx_word' id='word_1_219' title='bbox 1002 3616 1153 3672; x_wconf 85' lang='lat' dir='ltr'>Orat.</span> <span class='ocrx_word' id='word_1_220' title='bbox 1169 3633 1259 3684; x_wconf 85' lang='lat'>111,</span> <span class='ocrx_word' id='word_1_221' title='bbox 1275 3617 1354 3672; x_wconf 81' lang='lat'>35.</span> 
     </span>
     <span class='ocr_line' id='line_1_36' title="bbox 346 3693 1359 3764; baseline -0.002 -15"><span class='ocrx_word' id='word_1_222' title='bbox 346 3723 413 3737; x_wconf 92' lang='lat'>—-</span> <span class='ocrx_word' id='word_1_223' title='bbox 440 3696 827 3764; x_wconf 74' lang='lat' dir='ltr'>Venetissaedus</span> <span class='ocrx_word' id='word_1_224' title='bbox 838 3700 981 3749; x_wconf 69' lang='grc' dir='ltr'>ι’πὺτ.</span> <span class='ocrx_word' id='word_1_225' title='bbox 1005 3693 1246 3764; x_wconf 79' lang='lat' dir='ltr'>Apollod.</span> <span class='ocrx_word' id='word_1_226' title='bbox 1270 3698 1359 3757; x_wconf 71' lang='grc' dir='ltr'>οἷος</span> 
     </span>
     <span class='ocr_line' id='line_1_37' title="bbox 351 3762 1354 3850; baseline 0.001 -22"><span class='ocrx_word' id='word_1_227' title='bbox 351 3778 451 3836; x_wconf 68' lang='grc' dir='ltr'>ἦλθε</span> <span class='ocrx_word' id='word_1_228' title='bbox 485 3779 819 3844; x_wconf 51' lang='lat' dir='ltr'>fluctuem-105</span> <span class='ocrx_word' id='word_1_229' title='bbox 860 3762 994 3850; x_wconf 64' lang='lat' dir='ltr'>liscuv-</span> <span class='ocrx_word' id='word_1_230' title='bbox 1029 3773 1176 3828; x_wconf 75' lang='lat' dir='ltr'>Infra</span> <span class='ocrx_word' id='word_1_231' title='bbox 1214 3775 1354 3840; x_wconf 78' lang='lat' dir='ltr'>VII,</span> 
     </span>
     <span class='ocr_line' id='line_1_38' title="bbox 350 3851 1356 3920; baseline -0.001 -16"><span class='ocrx_word' id='word_1_232' title='bbox 350 3870 477 3920; x_wconf 82' lang='lat'>710,</span> <span class='ocrx_word' id='word_1_233' title='bbox 505 3852 711 3920; x_wconf 72' lang='lat' dir='ltr'>sedem</span> <span class='ocrx_word' id='word_1_234' title='bbox 744 3857 877 3906; x_wconf 79' lang='lat' dir='ltr'>lecti.</span> <span class='ocrx_word' id='word_1_235' title='bbox 923 3853 985 3905; x_wconf 74' lang='lat' dir='ltr'>A.</span> <span class='ocrx_word' id='word_1_236' title='bbox 1022 3851 1088 3905; x_wconf 80' lang='lat' dir='ltr'>A.</span> <span class='ocrx_word' id='word_1_237' title='bbox 1126 3853 1152 3906; x_wconf 93' lang='lat'><em>1</em></span> <span class='ocrx_word' id='word_1_238' title='bbox 1172 3891 1189 3917; x_wconf 88' lang='lat'>‚</span> <span class='ocrx_word' id='word_1_239' title='bbox 1216 3851 1312 3917; x_wconf 76' lang='lat'>462</span> <span class='ocrx_word' id='word_1_240' title='bbox 1339 3890 1356 3918; x_wconf 88' lang='lat'>,</span> 
     </span>
     <span class='ocr_line' id='line_1_39' title="bbox 345 3928 1355 3997; baseline -0.002 -15"><span class='ocrx_word' id='word_1_241' title='bbox 345 3933 642 3983; x_wconf 73' lang='lat' dir='ltr'>concubitus</span> <span class='ocrx_word' id='word_1_242' title='bbox 662 3929 877 3997; x_wconf 77' lang='lat' dir='ltr'>sedem.</span> <span class='ocrx_word' id='word_1_243' title='bbox 904 3929 1061 3984; x_wconf 74' lang='lat' dir='ltr'>Silioe</span> <span class='ocrx_word' id='word_1_244' title='bbox 1079 3968 1095 3996; x_wconf 89' lang='lat'>,</span> <span class='ocrx_word' id='word_1_245' title='bbox 1124 3928 1208 3995; x_wconf 91' lang='lat'>11,</span> <span class='ocrx_word' id='word_1_246' title='bbox 1253 3929 1316 3981; x_wconf 84' lang='lat'>85</span> <span class='ocrx_word' id='word_1_247' title='bbox 1339 3967 1355 3996; x_wconf 87' lang='lat'>,</span> 
     </span>
     <span class='ocr_line' id='line_1_40' title="bbox 358 4007 1362 4078; baseline 0.001 -19"><span class='ocrx_word' id='word_1_248' title='bbox 358 4009 565 4062; x_wconf 70' lang='lat' dir='ltr'>Veneris</span> <span class='ocrx_word' id='word_1_249' title='bbox 572 4007 1287 4078; x_wconf 62' lang='lat' dir='ltr'>Jhnsaedempassae.—-Dare</span> <span class='ocrx_word' id='word_1_250' title='bbox 1303 4025 1362 4060; x_wconf 83' lang='lat' dir='ltr'>se</span> 
     </span>
     <span class='ocr_line' id='line_1_41' title="bbox 349 4084 1359 4157; baseline 0.002 -21"><span class='ocrx_word' id='word_1_251' title='bbox 349 4088 519 4140; x_wconf 68' lang='lat' dir='ltr'>alicui</span> <span class='ocrx_word' id='word_1_252' title='bbox 533 4085 656 4139; x_wconf 85' lang='lat' dir='ltr'>alias</span> <span class='ocrx_word' id='word_1_253' title='bbox 689 4085 755 4140; x_wconf 88' lang='lat' dir='ltr'>de</span> <span class='ocrx_word' id='word_1_254' title='bbox 791 4086 1039 4157; x_wconf 85' lang='lat' dir='ltr'>obsequio</span> <span class='ocrx_word' id='word_1_255' title='bbox 1069 4096 1124 4140; x_wconf 86' lang='lat' dir='ltr'>et</span> <span class='ocrx_word' id='word_1_256' title='bbox 1151 4084 1359 4157; x_wconf 74' lang='lat' dir='ltr'>gratifi-</span> 
     </span>
     <span class='ocr_line' id='line_1_42' title="bbox 351 4162 1358 4233; baseline -0.001 -14"><span class='ocrx_word' id='word_1_257' title='bbox 351 4164 555 4220; x_wconf 78' lang='lat' dir='ltr'>catione</span> <span class='ocrx_word' id='word_1_258' title='bbox 592 4162 812 4233; x_wconf 84' lang='lat' dir='ltr'>dicitur,</span> <span class='ocrx_word' id='word_1_259' title='bbox 853 4164 945 4219; x_wconf 82' lang='lat' dir='ltr'>sed</span> <span class='ocrx_word' id='word_1_260' title='bbox 976 4183 1120 4221; x_wconf 86' lang='lat' dir='ltr'>nunc</span> <span class='ocrx_word' id='word_1_261' title='bbox 1143 4163 1209 4220; x_wconf 84' lang='lat' dir='ltr'>de</span> <span class='ocrx_word' id='word_1_262' title='bbox 1234 4182 1358 4218; x_wconf 86' lang='lat' dir='ltr'>am-</span> 
     </span>
    </p>
   </div>
   <div class='ocr_carea' id='block_1_11' title="bbox 1437 2596 2474 4236">
    <p class='ocr_par' dir='ltr' id='par_1_18' title="bbox 1437 2596 2474 3844">
     <span class='ocr_line' id='line_1_43' title="bbox 1445 2596 2460 2668; baseline 0 -16"><span class='ocrx_word' id='word_1_263' title='bbox 1445 2598 1693 2668; x_wconf 83' lang='lat' dir='ltr'>plexibus.</span> <span class='ocrx_word' id='word_1_264' title='bbox 1725 2626 1793 2640; x_wconf 91' lang='lat'>-</span> <span class='ocrx_word' id='word_1_265' title='bbox 1829 2599 2116 2666; x_wconf 64' lang='lat' dir='ltr'>Oppnhere</span> <span class='ocrx_word' id='word_1_266' title='bbox 2133 2637 2149 2662; x_wconf 89' lang='lat'>,</span> <span class='ocrx_word' id='word_1_267' title='bbox 2187 2596 2460 2652; x_wconf 81' lang='lat' dir='ltr'>claudere:</span> 
     </span>
     <span class='ocr_line' id='line_1_44' title="bbox 1446 2675 2461 2743; baseline -0.004 -11"><span class='ocrx_word' id='word_1_268' title='bbox 1446 2676 1564 2732; x_wconf 77' lang='lat' dir='ltr'>vide</span> <span class='ocrx_word' id='word_1_269' title='bbox 1579 2678 1837 2731; x_wconf 86' lang='lat' dir='ltr'>Buenem.</span> <span class='ocrx_word' id='word_1_270' title='bbox 1852 2675 1917 2729; x_wconf 85' lang='lat' dir='ltr'>ad</span> <span class='ocrx_word' id='word_1_271' title='bbox 1933 2677 2167 2731; x_wconf 82' lang='lat' dir='ltr'>Lactant.</span> <span class='ocrx_word' id='word_1_272' title='bbox 2183 2676 2311 2730; x_wconf 88' lang='lat' dir='ltr'>Inst.</span> <span class='ocrx_word' id='word_1_273' title='bbox 2326 2675 2396 2743; x_wconf 86' lang='lat' dir='ltr'>V,</span> <span class='ocrx_word' id='word_1_274' title='bbox 2418 2696 2461 2728; x_wconf 83' lang='grc' dir='ltr'>ι.</span> 
     </span>
     <span class='ocr_line' id='line_1_45' title="bbox 1513 2751 2461 2828; baseline -0.003 -19"><span class='ocrx_word' id='word_1_275' title='bbox 1513 2775 1624 2828; x_wconf 78' lang='lat'>²99·</span> <span class='ocrx_word' id='word_1_276' title='bbox 1674 2753 1831 2825; x_wconf 77' lang='lat' dir='ltr'>Apud</span> <span class='ocrx_word' id='word_1_277' title='bbox 1871 2752 2114 2825; x_wconf 79' lang='lat' dir='ltr'>Apollod.</span> <span class='ocrx_word' id='word_1_278' title='bbox 2144 2754 2306 2806; x_wconf 86' lang='lat' dir='ltr'>intrat</span> <span class='ocrx_word' id='word_1_279' title='bbox 2332 2751 2461 2806; x_wconf 84' lang='lat' dir='ltr'>tha-</span> 
     </span>
     <span class='ocr_line' id='line_1_46' title="bbox 1445 2833 2465 2912; baseline 0.001 -25"><span class='ocrx_word' id='word_1_280' title='bbox 1445 2833 1647 2887; x_wconf 74' lang='lat' dir='ltr'>lamum</span> <span class='ocrx_word' id='word_1_281' title='bbox 1664 2874 1680 2903; x_wconf 90' lang='lat'>,</span> <span class='ocrx_word' id='word_1_282' title='bbox 1702 2835 1772 2907; x_wconf 59' lang='grc' dir='ltr'>ἔφ’</span> <span class='ocrx_word' id='word_1_283' title='bbox 1793 2837 1993 2912; x_wconf 66' lang='grc' dir='ltr'>ἅρματος</span> <span class='ocrx_word' id='word_1_284' title='bbox 2006 2836 2240 2910; x_wconf 62' lang='lat' dir='ltr'>aig-pande</span> <span class='ocrx_word' id='word_1_285' title='bbox 2261 2837 2372 2902; x_wconf 72' lang='grc' dir='ltr'><strong><em>ὁμοῦ</em></strong></span> <span class='ocrx_word' id='word_1_286' title='bbox 2385 2841 2465 2888; x_wconf 71' lang='grc' dir='ltr'>καὶ</span> 
     </span>
     <span class='ocr_line' id='line_1_47' title="bbox 1448 2912 2461 2989; baseline -0.005 -20"><span class='ocrx_word' id='word_1_287' title='bbox 1448 2922 1669 2989; x_wconf 72' lang='grc' dir='ltr'><strong><em>βρονταῖς.</em></strong></span> <span class='ocrx_word' id='word_1_288' title='bbox 1697 2913 1769 2966; x_wconf 87' lang='lat' dir='ltr'>H.</span> <span class='ocrx_word' id='word_1_289' title='bbox 1785 2912 1818 2965; x_wconf 89' lang='lat' dir='ltr'>l.</span> <span class='ocrx_word' id='word_1_290' title='bbox 1834 2913 1996 2967; x_wconf 84' lang='lat' dir='ltr'>sumit</span> <span class='ocrx_word' id='word_1_291' title='bbox 2011 2912 2248 2966; x_wconf 84' lang='lat' dir='ltr'>habitum</span> <span class='ocrx_word' id='word_1_292' title='bbox 2264 2951 2279 2978; x_wconf 93' lang='lat'>,</span> <span class='ocrx_word' id='word_1_293' title='bbox 2302 2929 2461 2981; x_wconf 86' lang='lat' dir='ltr'>quem</span> 
     </span>
     <span class='ocr_line' id='line_1_48' title="bbox 1447 2991 2462 3063; baseline -0.003 -16"><span class='ocrx_word' id='word_1_294' title='bbox 1447 2991 1636 3047; x_wconf 67' lang='lat' dir='ltr'>celum</span> <span class='ocrx_word' id='word_1_295' title='bbox 1672 3002 1910 3063; x_wconf 86' lang='lat' dir='ltr'>tempore</span> <span class='ocrx_word' id='word_1_296' title='bbox 1934 2991 2256 3062; x_wconf 76' lang='lat' dir='ltr'>tempestatis</span> <span class='ocrx_word' id='word_1_297' title='bbox 2291 2991 2462 3045; x_wconf 82' lang='lat' dir='ltr'>babet.</span> 
     </span>
     <span class='ocr_line' id='line_1_49' title="bbox 1448 3068 2461 3140; baseline -0.002 -15"><span class='ocrx_word' id='word_1_298' title='bbox 1448 3094 1517 3112; x_wconf 84' lang='lat'><em>-</em></span> <span class='ocrx_word' id='word_1_299' title='bbox 1537 3072 1770 3140; x_wconf 67' lang='lat' dir='ltr'>Nataque</span> <span class='ocrx_word' id='word_1_300' title='bbox 1800 3070 2051 3125; x_wconf 84' lang='lat' dir='ltr'>Heinsius</span> <span class='ocrx_word' id='word_1_301' title='bbox 2077 3068 2223 3123; x_wconf 85' lang='lat' dir='ltr'>dedit</span> <span class='ocrx_word' id='word_1_302' title='bbox 2256 3088 2317 3122; x_wconf 86' lang='lat' dir='ltr'>ex</span> <span class='ocrx_word' id='word_1_303' title='bbox 2352 3088 2461 3123; x_wconf 81' lang='lat' dir='ltr'>uno</span> 
     </span>
     <span class='ocr_line' id='line_1_50' title="bbox 1450 3145 2462 3218; baseline -0.002 -16"><span class='ocrx_word' id='word_1_304' title='bbox 1450 3166 1549 3217; x_wconf 85' lang='lat' dir='ltr'>pro</span> <span class='ocrx_word' id='word_1_305' title='bbox 1568 3152 1852 3218; x_wconf 67' lang='lat' dir='ltr'>vultumque</span> <span class='ocrx_word' id='word_1_306' title='bbox 1873 3159 1963 3202; x_wconf 85' lang='lat' dir='ltr'>aut</span> <span class='ocrx_word' id='word_1_307' title='bbox 1986 3151 2258 3216; x_wconf 68' lang='lat' dir='ltr'>ultusque.</span> <span class='ocrx_word' id='word_1_308' title='bbox 2286 3174 2354 3189; x_wconf 90' lang='lat'>—-·</span> <span class='ocrx_word' id='word_1_309' title='bbox 2374 3145 2462 3201; x_wconf 87' lang='lat' dir='ltr'>Sic</span> 
     </span>
     <span class='ocr_line' id='line_1_51' title="bbox 1451 3225 2474 3296; baseline -0.001 -18"><span class='ocrx_word' id='word_1_310' title='bbox 1451 3235 1508 3279; x_wconf 89' lang='lat' dir='ltr'>et</span> <span class='ocrx_word' id='word_1_311' title='bbox 1527 3226 1693 3279; x_wconf 82' lang='lat' dir='ltr'>nostri</span> <span class='ocrx_word' id='word_1_312' title='bbox 1714 3225 1897 3296; x_wconf 79' lang='lat' dir='ltr'>Regii,</span> <span class='ocrx_word' id='word_1_313' title='bbox 1919 3228 2214 3292; x_wconf 71' lang='lat' dir='ltr'>vultumque.</span> <span class='ocrx_word' id='word_1_314' title='bbox 2232 3252 2302 3264; x_wconf 89' lang='lat'>—</span> <span class='ocrx_word' id='word_1_315' title='bbox 2318 3226 2474 3293; x_wconf 56' lang='lat' dir='ltr'>Sequi</span> 
     </span>
     <span class='ocr_line' id='line_1_52' title="bbox 1449 3300 2460 3372; baseline -0.001 -17"><span class='ocrx_word' id='word_1_316' title='bbox 1449 3302 1702 3357; x_wconf 82' lang='lat' dir='ltr'>dicuntur</span> <span class='ocrx_word' id='word_1_317' title='bbox 1719 3320 1836 3372; x_wconf 64' lang='lat' dir='ltr'>qun</span> <span class='ocrx_word' id='word_1_318' title='bbox 1856 3301 2002 3355; x_wconf 81' lang='lat' dir='ltr'>facile</span> <span class='ocrx_word' id='word_1_319' title='bbox 2028 3312 2212 3371; x_wconf 84' lang='lat' dir='ltr'>parent</span> <span class='ocrx_word' id='word_1_320' title='bbox 2230 3321 2244 3356; x_wconf 74' lang='grc' dir='ltr'><strong>ε</strong></span> <span class='ocrx_word' id='word_1_321' title='bbox 2266 3301 2384 3355; x_wconf 79' lang='lat' dir='ltr'>vide</span> <span class='ocrx_word' id='word_1_322' title='bbox 2399 3300 2460 3354; x_wconf 84' lang='lat' dir='ltr'>ad</span> 
     </span>
     <span class='ocr_line' id='line_1_53' title="bbox 1451 3379 2462 3450; baseline -0.004 -15"><span class='ocrx_word' id='word_1_323' title='bbox 1451 3381 1590 3435; x_wconf 85' lang='lat' dir='ltr'>Plin.</span> <span class='ocrx_word' id='word_1_324' title='bbox 1605 3381 1716 3434; x_wconf 88' lang='lat' dir='ltr'>v11</span> <span class='ocrx_word' id='word_1_325' title='bbox 1733 3419 1750 3447; x_wconf 90' lang='lat'>‚</span> <span class='ocrx_word' id='word_1_326' title='bbox 1772 3379 1870 3450; x_wconf 88' lang='lat' dir='ltr'>Ep.</span> <span class='ocrx_word' id='word_1_327' title='bbox 1887 3396 1947 3436; x_wconf 76' lang='lat' dir='ltr'>xx</span> <span class='ocrx_word' id='word_1_328' title='bbox 1963 3420 1978 3449; x_wconf 93' lang='lat'>,</span> <span class='ocrx_word' id='word_1_329' title='bbox 2008 3401 2062 3433; x_wconf 84' lang='lat'>11</span> <span class='ocrx_word' id='word_1_330' title='bbox 2086 3419 2102 3447; x_wconf 89' lang='lat'>,</span> <span class='ocrx_word' id='word_1_331' title='bbox 2118 3390 2172 3435; x_wconf 85' lang='lat' dir='ltr'>et</span> <span class='ocrx_word' id='word_1_332' title='bbox 2194 3380 2462 3446; x_wconf 67' lang='lat' dir='ltr'>pamm-v,</span> 
     </span>
     <span class='ocr_line' id='line_1_54' title="bbox 1454 3458 2464 3528; baseline -0.003 -15"><span class='ocrx_word' id='word_1_333' title='bbox 1454 3463 1501 3514; x_wconf 85' lang='lat'>5.</span> <span class='ocrx_word' id='word_1_334' title='bbox 1524 3485 1591 3499; x_wconf 92' lang='lat'>—-</span> <span class='ocrx_word' id='word_1_335' title='bbox 1617 3461 1838 3527; x_wconf 63' lang='lat' dir='ltr'>Meum</span> <span class='ocrx_word' id='word_1_336' title='bbox 1872 3470 1927 3513; x_wconf 88' lang='lat' dir='ltr'>et</span> <span class='ocrx_word' id='word_1_337' title='bbox 1944 3459 2146 3528; x_wconf 68' lang='lat' dir='ltr'>sabaea</span> <span class='ocrx_word' id='word_1_338' title='bbox 2179 3458 2464 3512; x_wconf 74' lang='lat' dir='ltr'>differunt:</span> 
     </span>
     <span class='ocr_line' id='line_1_55' title="bbox 1437 3536 2463 3610; baseline -0.002 -19"><span class='ocrx_word' id='word_1_339' title='bbox 1437 3538 1641 3606; x_wconf 64' lang='lat' dir='ltr'>finlaeen</span> <span class='ocrx_word' id='word_1_340' title='bbox 1661 3550 1739 3592; x_wconf 87' lang='lat' dir='ltr'>est</span> <span class='ocrx_word' id='word_1_341' title='bbox 1751 3539 1917 3592; x_wconf 86' lang='lat' dir='ltr'>telum</span> <span class='ocrx_word' id='word_1_342' title='bbox 1933 3539 2059 3594; x_wconf 82' lang='lat' dir='ltr'>illud</span> <span class='ocrx_word' id='word_1_343' title='bbox 2076 3578 2092 3606; x_wconf 89' lang='lat'>,</span> <span class='ocrx_word' id='word_1_344' title='bbox 2117 3536 2258 3610; x_wconf 80' lang='lat' dir='ltr'>quod</span> <span class='ocrx_word' id='word_1_345' title='bbox 2282 3557 2312 3591; x_wconf 92' lang='lat' dir='ltr'>a</span> <span class='ocrx_word' id='word_1_346' title='bbox 2330 3537 2463 3590; x_wconf 81' lang='lat' dir='ltr'>Jove</span> 
     </span>
     <span class='ocr_line' id='line_1_56' title="bbox 1452 3615 2471 3684; baseline -0.003 -13"><span class='ocrx_word' id='word_1_347' title='bbox 1452 3618 1508 3671; x_wconf 91' lang='lat' dir='ltr'>in</span> <span class='ocrx_word' id='word_1_348' title='bbox 1522 3627 1720 3670; x_wconf 84' lang='lat' dir='ltr'>terram</span> <span class='ocrx_word' id='word_1_349' title='bbox 1735 3616 1938 3670; x_wconf 85' lang='lat' dir='ltr'>demitti</span> <span class='ocrx_word' id='word_1_350' title='bbox 1953 3615 2471 3684; x_wconf 64' lang='lat' dir='ltr'>credebatunsulgnt</span> 
     </span>
     <span class='ocr_line' id='line_1_57' title="bbox 1452 3694 2468 3762; baseline -0.001 -14"><span class='ocrx_word' id='word_1_351' title='bbox 1452 3704 1633 3749; x_wconf 80' lang='lat' dir='ltr'>antem</span> <span class='ocrx_word' id='word_1_352' title='bbox 1649 3734 1665 3762; x_wconf 91' lang='lat'>,</span> <span class='ocrx_word' id='word_1_353' title='bbox 1690 3695 1990 3750; x_wconf 86' lang='lat' dir='ltr'>coruscatio.</span> <span class='ocrx_word' id='word_1_354' title='bbox 2004 3721 2071 3737; x_wconf 89' lang='lat'>-·</span> <span class='ocrx_word' id='word_1_355' title='bbox 2087 3694 2172 3748; x_wconf 91' lang='lat' dir='ltr'>De</span> <span class='ocrx_word' id='word_1_356' title='bbox 2185 3694 2468 3748; x_wconf 79' lang='lat' dir='ltr'>fulminum</span> 
     </span>
     <span class='ocr_line' id='line_1_58' title="bbox 1454 3772 2141 3844; baseline -0.003 -18"><span class='ocrx_word' id='word_1_357' title='bbox 1454 3773 1759 3844; x_wconf 73' lang='lat' dir='ltr'>generibus,</span> <span class='ocrx_word' id='word_1_358' title='bbox 1782 3772 1917 3827; x_wconf 88' lang='lat' dir='ltr'>Plin.</span> <span class='ocrx_word' id='word_1_359' title='bbox 1944 3772 2034 3840; x_wconf 89' lang='lat'>11,</span> <span class='ocrx_word' id='word_1_360' title='bbox 2061 3775 2141 3825; x_wconf 82' lang='lat'>51.</span> 
     </span>
    </p>

    <p class='ocr_par' dir='ltr' id='par_1_19' title="bbox 1453 3851 2472 4236">
     <span class='ocr_line' id='line_1_59' title="bbox 1519 3851 2469 3922; baseline -0.005 -14"><span class='ocrx_word' id='word_1_361' title='bbox 1519 3855 1634 3908; x_wconf 76' lang='lat'>302.</span> <span class='ocrx_word' id='word_1_362' title='bbox 1669 3857 1785 3921; x_wconf 71' lang='lat' dir='ltr'>Qua</span> <span class='ocrx_word' id='word_1_363' title='bbox 1798 3895 1811 3917; x_wconf 92' lang='lat'>,</span> <span class='ocrx_word' id='word_1_364' title='bbox 1857 3855 1913 3908; x_wconf 89' lang='lat' dir='ltr'>in</span> <span class='ocrx_word' id='word_1_365' title='bbox 1940 3862 2215 3922; x_wconf 84' lang='lat' dir='ltr'>quantum.</span> <span class='ocrx_word' id='word_1_366' title='bbox 2257 3851 2346 3906; x_wconf 85' lang='lat' dir='ltr'>Sic</span> <span class='ocrx_word' id='word_1_367' title='bbox 2367 3869 2469 3904; x_wconf 82' lang='lat' dir='ltr'>ex·-</span> 
     </span>
     <span class='ocr_line' id='line_1_60' title="bbox 1453 3928 2468 4002; baseline -0.004 -17"><span class='ocrx_word' id='word_1_368' title='bbox 1453 3932 1673 4002; x_wconf 86' lang='lat' dir='ltr'>plicatur</span> <span class='ocrx_word' id='word_1_369' title='bbox 1692 3932 1747 3986; x_wconf 88' lang='lat' dir='ltr'>in</span> <span class='ocrx_word' id='word_1_370' title='bbox 1774 3932 1952 4002; x_wconf 79' lang='lat' dir='ltr'>glossa.</span> <span class='ocrx_word' id='word_1_371' title='bbox 1966 3933 2180 3994; x_wconf 77' lang='lat' dir='ltr'>—Se’be&#39;,</span> <span class='ocrx_word' id='word_1_372' title='bbox 2212 3930 2330 3983; x_wconf 85' lang='lat' dir='ltr'>telis</span> <span class='ocrx_word' id='word_1_373' title='bbox 2350 3928 2468 3983; x_wconf 85' lang='lat' dir='ltr'>suis.</span> 
     </span>
     <span class='ocr_line' id='line_1_61' title="bbox 1456 4007 2472 4082; baseline -0.009 -18"><span class='ocrx_word' id='word_1_374' title='bbox 1456 4010 1507 4064; x_wconf 78' lang='lat' dir='ltr'>A</span> <span class='ocrx_word' id='word_1_375' title='bbox 1533 4011 1715 4082; x_wconf 77' lang='lat' dir='ltr'>virgil.</span> <span class='ocrx_word' id='word_1_376' title='bbox 1740 4010 1951 4065; x_wconf 80' lang='lat' dir='ltr'>AEneid.</span> <span class='ocrx_word' id='word_1_377' title='bbox 1972 4011 2000 4064; x_wconf 91' lang='lat'>1</span> <span class='ocrx_word' id='word_1_378' title='bbox 2017 4050 2033 4078; x_wconf 90' lang='lat'>‚</span> <span class='ocrx_word' id='word_1_379' title='bbox 2055 4010 2184 4076; x_wconf 75' lang='lat'>665,</span> <span class='ocrx_word' id='word_1_380' title='bbox 2208 4007 2355 4060; x_wconf 82' lang='lat' dir='ltr'>Jovis</span> <span class='ocrx_word' id='word_1_381' title='bbox 2368 4008 2472 4057; x_wconf 79' lang='lat' dir='ltr'>tela</span> 
     </span>
     <span class='ocr_line' id='line_1_62' title="bbox 1463 4081 2472 4162; baseline -0.01 -20"><span class='ocrx_word' id='word_1_382' title='bbox 1463 4092 1687 4162; x_wconf 75' lang='lat' dir='ltr'>Typbaea</span> <span class='ocrx_word' id='word_1_383' title='bbox 1704 4098 2213 4150; x_wconf 80' lang='lat' dir='ltr'>commemorantur,</span> <span class='ocrx_word' id='word_1_384' title='bbox 2237 4094 2297 4136; x_wconf 87' lang='lat' dir='ltr'>ut</span> <span class='ocrx_word' id='word_1_385' title='bbox 2315 4081 2472 4134; x_wconf 81' lang='lat' dir='ltr'>maxi·</span> 
     </span>
     <span class='ocr_line' id='line_1_63' title="bbox 1455 4158 2470 4236; baseline -0.012 -14"><span class='ocrx_word' id='word_1_386' title='bbox 1455 4185 1544 4221; x_wconf 86' lang='lat' dir='ltr'>me</span> <span class='ocrx_word' id='word_1_387' title='bbox 1571 4167 1816 4222; x_wconf 82' lang='lat' dir='ltr'>terribilia</span> <span class='ocrx_word' id='word_1_388' title='bbox 1833 4207 1850 4235; x_wconf 89' lang='lat'>‚</span> <span class='ocrx_word' id='word_1_389' title='bbox 1877 4166 1997 4236; x_wconf 84' lang='lat' dir='ltr'>quia</span> <span class='ocrx_word' id='word_1_390' title='bbox 2031 4165 2281 4236; x_wconf 75' lang='lat' dir='ltr'>Typhaeus</span> <span class='ocrx_word' id='word_1_391' title='bbox 2301 4197 2317 4223; x_wconf 88' lang='lat'>,</span> <span class='ocrx_word' id='word_1_392' title='bbox 2352 4158 2470 4212; x_wconf 84' lang='lat' dir='ltr'>im-</span> 
     </span>
    </p>
   </div>
  </div>
 </body>
</html>
