2975 4784
526 410 612 494 42
728 476 733 481 ,
845 381 1212 477 SERiEs
1272 408 2336 478 METAMORPHOSEON.

523 551 596 622 in
639 547 843 622 sainias
882 548 1158 635 mutati,
1206 547 1279 621 in
1321 544 1514 622 Italia
1561 547 1858 650 appulit,
1907 548 1977 621 in
2019 548 2338 623 Caietano
2383 545 2576 623 litore
2619 579 2655 627 e

522 665 831 737 Macareo
862 661 1074 737 multa
1106 662 1187 737 de
1241 662 1465 769 Ufysse
1497 681 1697 764 atque
1734 661 1941 737 Circes
1960 662 2274 738 veneficio
2299 665 2651 765 comperit,

521 808 658 880 quo
714 779 908 861 etiam
968 778 1161 852 Picus
1208 806 1322 851 rex
1369 778 1440 851 in
1476 779 1687 880 picum
1723 807 1905 854 avem
1937 797 2234 853 mutatus
2266 796 2422 852 erat.
2489 782 2652 854 Mox

516 894 770 970 bellum
803 925 953 970 cum
983 895 1201 969 Turno
1228 894 1528 995 suscipit.
1569 896 1636 969 ls
1666 923 1873 994 quum
1896 923 2019 995 per
2037 893 2376 969 venulam
2401 912 2652 996 peteret

519 1012 840 1087 auxilium
865 1043 905 1087 a
930 1010 1239 1089 Diomede
1255 1071 1275 1098 ‚
1313 1012 1504 1112 cujus
1528 1011 1682 1086 socii
1699 1013 1768 1085 in
1792 1040 1932 1114 aves
1957 1031 2148 1087 erant
2168 1011 2646 1101 transformati,

517 1129 850 1233 repulsam
888 1129 1044 1206 tulit
1073 1160 1090 1203 t
1126 1128 1442 1204 redeunte
1476 1128 1744 1204 Venulo
1794 1158 1915 1231 per
1956 1157 2031 1204 ea
2066 1129 2214 1204 loca
2234 1187 2254 1219 ,
2297 1130 2369 1203 in
2405 1130 2650 1231 quibus

517 1246 821 1348 Appulus
836 1264 1069 1347 pastor
1081 1244 1420 1345 quondam
1438 1245 1509 1319 in
1531 1246 1854 1320 oleastrum
1865 1274 2223 1321 conversus
2236 1264 2396 1321 erat.
2413 1248 2651 1321 Postea

534 1362 771 1437 AEneae
803 1361 1305 1465 uaoesNymphoe
1327 1361 1502 1437 fiunt
1534 1361 1603 1436 in
1638 1359 1870 1462 praelio
1892 1416 1912 1450 ‚
1947 1361 2123 1435 sicut
2152 1378 2223 1435 et
2250 1390 2328 1435 ex
2352 1360 2599 1437 Ardea
2621 1421 2640 1446 ‚

516 1477 705 1553 urbis
729 1479 1037 1555 incendio
1066 1479 1335 1567 deletae,
1374 1478 1710 1553 cineribus
1734 1475 1924 1552 ardea
1948 1478 2123 1565 avis3
2162 1495 2361 1578 atque
2386 1477 2649 1552 AEneus

514 1593 586 1667 in
637 1595 852 1669 Deum
904 1597 1161 1671 transit.
1202 1597 1679 1691 successerunt
1729 1593 1888 1667 huic
1933 1621 2120 1688 reges
2173 1590 2323 1681 alii,
2362 1596 2649 1693 quorum

513 1708 701 1783 inter
729 1727 999 1784 caeteros
1050 1711 1177 1784 sub
1220 1711 1455 1789 Phoca
1512 1709 1744 1784 floruit
1807 1707 2134 1794 Pomorum
2187 1736 2389 1808 quam
2440 1737 2644 1809 quum

516 1822 898 1898 Vertumnus
929 1841 1208 1911 amaret,
1244 1842 1461 1898 sumta
1491 1825 1783 1924 primum
1812 1851 1969 1897 unus
1997 1823 2253 1911 forma,
2283 1840 2353 1898 et
2376 1825 2645 1898 Ama-
2665 1860 2682 1871 ν

509 1952 662 2012 retes
691 1937 1039 2040 exemplo
1020 1968 1090 2012 ιιι
1114 1967 1337 2013 sua-um
1369 1967 1697 2039 conversae
1716 1956 2076 2040 usurpato,
2114 1937 2350 2014 deinde
2379 1967 2642 2014 rursum

495 2056 736 2155 juvenis
773 2056 1023 2145 factus,
1059 2075 1221 2131 voto
1257 2055 1537 2158 potitur.
1576 2055 1742 2130 Inde
1778 2054 1908 2129 sub
1944 2056 2274 2129 Numitore
2306 2054 2640 2157 aquaefii-

498 2171 673 2272 gidoe
698 2173 1072 2248 redduntur
1100 2172 1342 2248 calida.
1385 2171 1513 2248 Cui
1549 2173 1668 2274 qui
1700 2172 2019 2247 successit
2043 2172 2389 2261 Romulus,
2424 2172 2639 2247 {hctus

506 2307 608 2363 est
649 2289 948 2391 Quirinus
966 2350 986 2377 ,
1035 2290 1310 2393 ejusque
1347 2318 1521 2366 uxor
1561 2288 1703 2365 Ora
1733 2291 1895 2363 Dea.

600 2438 754 2541 Lm.
793 2466 945 2538 XV.
984 2464 1267 2538 Secutus
1298 2481 1400 2538 est
1434 2464 1694 2548 Numa,
1754 2460 1873 2562 qui
1908 2488 2114 2562 quum
2145 2460 2228 2535 de
2262 2461 2634 2555 originibus

504 2592 819 2667 Crotonis
856 2608 1209 2691 quaereret,
1242 2591 1445 2690 nigros
1477 2587 1747 2662 calculos
1779 2585 2118 2686 quondam
2144 2586 2215 2660 in
2236 2587 2407 2661 albos
2429 2586 2634 2663 fuisse

501 2710 941 2783 commutatos
976 2705 1299 2806 comperit
1325 2760 1344 2791 ‚
1394 2722 1464 2777 et
1496 2701 1926 2810 Pythagoram
1967 2700 2047 2775 de
2077 2704 2387 2804 perpetuis
2416 2732 2636 2779 rerum

499 2823 1131 2924 trwsfhnnutionibus
1177 2819 1631 2920 disputantem
1667 2817 1938 2894 audivit.
2008 2820 2357 2893 Mortuum
2400 2821 2633 2897 deinde

498 2940 787 3012 Numam
820 2938 1015 3013 deflet
1040 2936 1306 3038 Egen'a,
1348 2963 1470 3009 nec
1505 2935 1841 3042 Ῑῦμροζγιί
1861 2994 1880 3022 ,
1918 2936 2034 3035 qui
2058 2963 2214 3009 suas
2237 2935 2370 3037 ipsi
2393 2964 2632 3013 conver-

496 3051 691 3125 siones
739 3054 1084 3143 narrabat,
1140 3051 1666 3128 consolationem
1716 3051 2104 3140 admittens,
2153 3052 2226 3126 in
2252 3051 2498 3154 fintem
2548 3052 2628 3128 li-

500 3167 774 3268 quescit.
825 3169 904 3241 ld
948 3170 1135 3270 quod
1166 3198 1301 3244 non
1334 3168 1563 3243 minus
1591 3167 1723 3242 suit
1755 3168 2130 3244 mirandum
2152 3225 2171 3257 ,
2212 3197 2410 3271 quam
2447 3170 2628 3274 quod

497 3283 570 3357 T
563 3310 704 3384 ages
723 3311 757 3356 e
771 3285 963 3384 gleba
975 3304 1183 3374 ortu&
1211 3284 1488 3362 Romuli
1510 3286 1722 3358 lancea
1742 3285 1944 3370 arbor,
1973 3303 2042 3359 et
2059 3286 2280 3386 cippus
2304 3304 2627 3361 cornutus

493 3400 724 3475 factus.
763 3401 939 3473 Tum
972 3403 1210 3475 transit
1242 3420 1440 3504 poeta
1469 3401 1552 3474 ad
1587 3400 1969 3501 praesentia,
2015 3421 2369 3503 narratque
2391 3460 2411 3492 ‚
2458 3431 2625 3504 quo-

490 3516 693 3590 modo
729 3515 1155 3617 Alt'sculupius
1177 3516 1310 3592 coli
1328 3548 1367 3593 a
1388 3518 1714 3593 Romanis
1739 3518 1810 3591 in
1834 3517 2050 3592 insula
2074 3519 2342 3596 Tiberis
2367 3537 2625 3622 coeptus

492 3630 608 3721 sit,
643 3632 993 3733 ,Iuliusque
1026 3631 1247 3708 Coesar
1275 3634 1347 3707 in
1377 3635 1617 3707 stellam
1645 3650 2108 3710 commutatus.

1325 3912 1804 3941 Ἶ--Φ-
