2975 4784
460 345 595 443 376

1015 343 1095 412 P.
1155 344 1517 415 OVIDII
1563 341 2019 412 NASONIS

460 489 596 562 Ore
630 484 971 559 Medusaeo
1006 485 1255 560 silicem
1288 486 1431 559 sine
1461 486 1781 582 sanguine
1812 485 1989 560 fecit.

553 604 894 676 Hactenus
927 602 1254 697 aurigenae
1285 602 1592 677 comitem
1626 600 1935 674 Tritonia
1961 598 2150 672 fratri

458 719 542 792 Se
579 716 805 790 dedit:
834 716 988 792 inde
1023 745 1178 791 cava
1214 717 1617 792 circumdata
1647 715 1831 788 nube
1864 713 2197 813 Seriphon

456 834 756 923 Deserit,
794 862 832 907 a
867 833 1094 908 dextra
1129 833 1395 934 Cythno
1435 833 1787 935 Gyaroque
1818 830 2088 905 relictis,

460 948 748 1048 Quaque
778 978 980 1051 super
1011 966 1295 1050 pontum
1328 950 1432 1022 via
1461 949 1603 1022 visa
1630 947 2048 1035 brevissima,
2084 946 2383 1036 Thebas,

452 1065 976 1168 Virgineumque
1009 1064 1332 1141 Helicona
1366 1065 1579 1166 petit;
1618 1093 1754 1166 quo
1786 1081 2013 1138 monte
2045 1065 2261 1165 potita
2294 1133 2302 1140 .

459 1183 782 1256 Constitit
801 1239 820 1271 ,
856 1201 924 1256 et
956 1182 1185 1257 doctas
1220 1184 1317 1256 sic
1347 1199 1448 1255 est
1479 1180 1698 1255 adfata
1733 1209 1995 1255 sorores
2024 1210 2040 1253 :

2479 1203 2589 1257 2⁵5

460 1329 496 1362 (ι
535 1299 734 1372 Fama
767 1298 922 1371 novi
954 1298 1163 1370 fontis
1194 1314 1460 1370 nostras
1495 1296 1793 1397 pervenit
1826 1294 1909 1368 ad
1944 1323 2166 1383 aures5

463 1445 498 1477 »
541 1413 727 1487 Dura
760 1412 1082 1487 Medusaei
1116 1440 1314 1513 quem
1344 1412 1656 1513 praepetis
1690 1410 1939 1508 ungula
1968 1410 2171 1513 rupit.

449 1630 502 1679 p.
525 1613 642 1679 487,
670 1630 699 1663 e
722 1628 896 1664 saxosa
921 1609 1128 1681 Seriphi
1157 1621 1346 1663 natura
1369 1629 1470 1664 ex-

450 1687 604 1757 plicat
628 1706 642 1740 ε
666 1693 800 1743 Οὕτω
821 1686 866 1742 6⁰
881 1692 982 1743 ε’στί
998 1691 1229 1765 τετρῶὴς
1255 1694 1279 1751 ἧ
1301 1701 1433 1751 νῆσος
1451 1728 1467 1753 ,

455 1770 565 1825 ὥςτε
615 1769 698 1819 ὖεὸ
750 1779 832 1825 τῖς
877 1771 1089 1838 Γοργόνος
1133 1777 1263 1821 τοῦτο
1314 1777 1473 1821 aeoeoezv

454 1849 596 1906 αὐτὴν
611 1845 747 1912 φάσιν
767 1851 812 1898 οἱ
829 1851 1159 1915 κωμῳδοῦντες.
1183 1844 1341 1914 Apud
1357 1844 1469 1915 Hy·

457 1922 563 1992 gin.
584 1921 686 1973 sab.
709 1922 804 1988 273
824 1961 839 1987 ,
878 1921 966 1990 qui
987 1920 1127 1973 haud
1152 1920 1307 1975 dubie
1334 1920 1468 1974 AEs-

451 1999 663 2070 chylum
679 2009 928 2067 sequutus
943 2010 1022 2052 est
1036 2039 1050 2065 ,
1077 1998 1376 2070 Polydecte
1387 2001 1471 2052 su·

453 2077 644 2130 nebres
664 2075 814 2129 ludos
839 2078 1061 2130 Perseus
1082 2077 1221 2130 facit.

519 2159 618 2209 250
631 2186 660 2195 -
672 2156 787 2224 678.
807 2158 1071 2209 Musarum
1094 2160 1343 2225 colloqui&
1356 2177 1468 2211 cum

452 2237 684 2289 Pallade.
703 2235 897 2304 Pallas,
915 2236 1096 2290 relicto
1113 2237 1339 2304 Perse0,
1360 2238 1469 2291 He·

453 2311 680 2365 liconem
709 2313 870 2383 petit,
907 2314 997 2366 ubi
1033 2314 1204 2367 Musa
1243 2315 1291 2367 ei
1331 2334 1468 2368 nar-

454 2401 606 2458 rant,
642 2406 697 2444 1⁰
702 2392 878 2458 sim,
913 2411 1071 2462 quam
1091 2393 1188 2446 sibi
1210 2393 1468 2462 paraverit

453 2470 727 2539 ἤντησας,
761 2471 1027 2544 aso-293·
1065 2484 1126 2524 20
1128 2482 1465 2538 .,certamen

454 2544 594 2613 quod
616 2546 714 2600 sihi
736 2547 895 2600 suerit
918 2567 1042 2601 eum
1064 2552 1374 2612 Pien‘dae‘bus,
1405 2569 1469 2602 ex

455 2639 562 2688 quo
593 2623 772 2676 multe
821 2625 1270 2695 metamorphoses
1308 2645 1468 2679 com-

454 2712 823 2755 memorantur
851 2741 866 2769 ,
909 2703 1159 2773 294-678.
1183 2729 1250 2744 -
1277 2705 1469 2757 Narrat

455 2784 902 2855 quemadmodum
927 2784 1152 2853 Pegasus
1179 2803 1345 2852 equus
1357 2784 1465 2837 ala·

455 2871 538 2914 tus
562 2880 668 2914 una
691 2880 814 2915 cum
838 2859 1133 2932 Chrysaore
1161 2880 1190 2912 e
1214 2861 1468 2929 sanguine

453 2938 570 2990 colli
590 2937 829 2992 Medusa
842 2937 1082 2991 exsilierit
1102 2976 1117 3002 ,
1143 2946 1199 2988 et
1220 2937 1287 2989 ad
1302 2936 1468 2989 Heli-

451 3036 642 3070 conem
661 3058 677 3083 ,
714 3018 929 3071 Boeotioe
958 3024 1197 3068 montem
1217 3056 1232 3082 ,
1267 3035 1466 3084 perve-

453 3094 621 3161 nerit,
647 3096 736 3148 ubi
756 3134 771 3162 ,
799 3113 964 3165 quum
978 3103 1175 3147 terram
1189 3093 1335 3163 pedis
1360 3113 1468 3147 un-

455 3171 574 3240 gula
598 3174 964 3240 percussisset,
999 3171 1134 3226 illico
1167 3173 1285 3226 sons
1309 3212 1325 3239 ,
1374 3173 1466 3242 qui

619 3256 720 3318 ἦνη,
732 3251 832 3307 hoc
845 3251 1248 3320 est,Cahallinus
1260 3254 1376 3305 sons
1388 3262 1466 3305 est

453 3246 734 3399 appefiatus
754 3369 769 3395 ,
794 3343 1001 3385 exortus
1025 3331 1179 3384 fuisse
1205 3347 1466 3382 memora-

451 3418 555 3460 tur.
580 3407 664 3461 Ad
690 3427 816 3462 eum
835 3410 997 3479 igitur
1014 3410 1305 3462 videndum
1321 3448 1337 3475 ,
1366 3428 1465 3461 re-

448 3485 569 3538 licto
616 3486 841 3552 Perseo,
885 3485 1053 3538 Pallas
1077 3488 1309 3554 prosecta
1341 3496 1460 3552 est,

449 3581 566 3630 quae
590 3584 620 3616 a
639 3564 807 3618 Musis
833 3573 1038 3630 accepta
1060 3581 1220 3630 quam
1235 3582 1463 3634 promp-

445 3642 642 3695 tissime
671 3642 735 3696 ad
764 3643 933 3712 ipsum
961 3642 1060 3693 suit
1097 3640 1336 3696 deducta.
1362 3645 1461 3696 Ed.

379 3785 386 3793 ⁸
446 3744 513 3757 —··
528 3719 813 3786 Antigene,
835 3726 1123 3797 χρυσηινής,
1140 3725 1461 3796 χρυσία-προς,

423 3816 610 3865 -quem
639 3800 852 3869 Jupiter
882 3801 941 3852 in
966 3815 1153 3851 aurum
1183 3816 1463 3854 conversus

450 3887 716 3945 genuerat.
759 3877 846 3931 Sic
878 3879 1216 3943 dracomgrena
1242 3885 1298 3927 et
1326 3875 1458 3944 alia,

444 3972 559 4023 quae
587 3971 742 4021 supra
757 3954 992 4025 legimus.
1016 3946 1289 4022 P'erplacet
1313 3953 1458 4009 Schi-

446 4033 622 4087 rachlo
661 4032 759 4086 hoc
793 4034 1063 4103 epitheton
1083 4072 1098 4100 ,
1137 4032 1276 4102 quod
1303 4033 1461 4088 nobi-

444 4112 551 4165 lem
593 4111 778 4166 habeat
823 4110 1104 4166 audaciam.
1133 4138 1200 4151 —
1222 4111 1287 4165 Se
1321 4114 1465 4165 dedit

1567 1616 1795 1664 comitem
1846 1610 2175 1680 exquisitius,
2235 1626 2397 1677 quam
2419 1648 2436 1675 ,
2484 1608 2589 1663 fuit

1566 1707 1757 1742 comes.
1781 1690 1845 1741 Se
1858 1692 1980 1741 dare
1989 1688 2135 1741 enim
2154 1688 2379 1740 omnino
2393 1687 2589 1740 dicun·-

1566 1779 1656 1821 tur
1673 1768 1764 1837 qui
1786 1769 2048 1821 intersunt
2082 1777 2174 1820 aut
2213 1767 2403 1820 adsunt
2426 1766 2538 1846 ²23⁸
2563 1806 2581 1833 ,

1566 1847 1630 1900 ad
1659 1865 1749 1900 eos
1771 1866 1825 1901 se
1866 1846 2139 1916 applicant.
2154 1873 2227 1886 —
2252 1848 2391 1899 Cara
2410 1848 2543 1898 ube
2557 1885 2573 1906 .

1565 1934 1654 1990 ut,
1673 1924 1763 1993 qui
1776 1942 1967 1993 aquam
1983 1922 2358 1992 ingrediuntur
2371 1962 2387 1987 ,
2405 1941 2584 1974 cum·

1564 2006 1621 2051 ta
1635 2020 1775 2068 aqua
1784 2002 2088 2071 cinguntur,
2112 1999 2250 2068 apud
2268 1998 2549 2068 Virgilium
2567 2038 2584 2064 ,

1559 2074 1756 2147 Georg.
1787 2076 1886 2144 IV,
1924 2077 2037 2131 361.
2061 2105 2130 2117 —
2167 2078 2376 2146 Crlkno.
2410 2074 2588 2130 MSS.

1561 2171 1767 2222 omnes,
1811 2158 1988 2226 Cypm.
2040 2155 2181 2223 Quae
2210 2155 2379 2208 insula
2411 2172 2590 2223 quum

1560 2244 1767 2286 remota
1791 2234 1946 2287 nimis
1978 2234 2046 2287 sit
2078 2254 2106 2287 a
2138 2234 2397 2304 Seripho,
2438 2233 2591 2287 varie

1561 2310 1666 2366 hoc
1690 2331 1891 2366 nomen
1916 2313 1979 2366 ab
2002 2312 2293 2366 editoribus
2317 2322 2593 2366 tentatum

1562 2399 1658 2442 est.
1694 2392 1888 2460 Cythno
1910 2391 2134 2444 correxit
2166 2389 2457 2460 Naugerius
2474 2428 2491 2454 ,
2534 2400 2597 2442 et

1557 2468 1632 2523 sic
1644 2469 1906 2523 Planudes
1920 2469 2078 2523 habet
2094 2470 2146 2522 in
2164 2469 2404 2539 Metaph.
2424 2468 2593 2522 Groe·

1558 2566 1633 2600 ca.
1679 2550 1903 2619 Cythnns
1943 2558 1997 2601 et
2041 2550 2247 2618 Gyarns
2283 2567 2314 2601 e
2351 2566 2596 2602 numero

1566 2625 1862 2698 Cycladum
1877 2637 2017 2682 sunt.

1628 2709 1739 2772 254.
1765 2710 2143 2775 Vir-famamque
2154 2708 2438 2770 Heliconae,·
2459 2705 2599 2760 He-

1560 2784 1695 2839 licon
1722 2785 2028 2857 Virginibus
2044 2826 2059 2854 ,
2095 2786 2200 2839 sive
2217 2825 2233 2852 ,
2260 2785 2429 2838 Musis
2446 2803 2601 2839 con-

1560 2874 1789 2917 secratus
1815 2903 1830 2929 ‚
1860 2883 1968 2933 quo
1993 2875 2231 2934 tempore
2251 2881 2437 2916 earum
2462 2864 2600 2917 cul-

1560 2953 1644 2996 tus
1667 2962 1697 2996 e
1732 2942 1958 2996 Thracia
1982 2943 2037 2996 in
2073 2943 2332 2996 Boeotiam
2356 2943 2596 2997 transiit.

1560 3045 1628 3060 ·—
1651 3023 1852 3073 Pomm
1873 3019 2015 3087 loco,
2039 3022 2128 3090 qui
2152 3039 2217 3073 eo
2234 3020 2495 3090 pervenit.
2518 3047 2599 3062 —-

1560 3099 1763 3151 Sorores
1776 3109 2032 3152 vocantur
2058 3109 2111 3151 et
2127 3097 2301 3152 Furia
2320 3097 2420 3163 IV,
2443 3099 2560 3165 470
2580 3120 2598 3160 ς

1559 3185 1714 3245 atque
1740 3177 1946 3243 Parce,
1984 3177 2169 3229 Horat.
2196 3176 2253 3230 11
2272 3215 2288 3242 ,
2318 3191 2387 3227 ιιι
2407 3215 2422 3242 ,
2469 3181 2541 3229 15
2574 3198 2595 3238 ;

1559 3253 1652 3306 sed
1677 3253 1848 3308 Musa
1869 3256 2028 3307 docte
2048 3273 2267 3318 somoes,
2295 3251 2437 3322 quod
2460 3253 2599 3321 epi—

1561 3330 1746 3386 theton
1790 3333 1853 3386 ah
1891 3333 1951 3386 iis
1984 3332 2049 3385 ad
2080 3344 2259 3402 poetas
2298 3333 2355 3385 in
2392 3332 2597 3402 primis

1560 3411 1871 3463 translatum
1896 3421 1988 3464 est.

1628 3486 2116 3553 256.Nonsont1s
2159 3504 2319 3554 quem
2340 3503 2371 3537 a
2401 3485 2595 3540 forma

1561 3562 1925 3632 Hippocrenes
1957 3582 2159 3616 nomen
2189 3562 2439 3632 accepisse
2477 3584 2600 3633 pn-

1558 3649 1689 3692 tant.
1715 3639 1823 3694 Sed
1856 3639 2227 3709 undecumque
2262 3641 2310 3693 ei
2350 3641 2597 3708 imposi-

1558 3729 1675 3773 tum
1685 3720 1779 3784 sit,
1805 3719 2148 3791 etymologica
2168 3720 2285 3788 ejus
2306 3720 2597 3788 interpre-

1554 3796 1685 3850 tatio
1724 3785 1955 3851 l'abulam
2000 3798 2334 3851 ministravit.
2396 3797 2591 3852 Etiam

1558 3875 1821 3930 Troezenii
1862 3895 2029 3946 quum
2071 3878 2279 3930 sontem
2314 3876 2589 3932 haberent

1555 3958 1928 4026 cognominem
1942 3998 1957 4022 ,
1982 3957 2230 4030 mythum
2252 3956 2318 4010 ad
2332 3977 2387 4011 se
2410 3967 2590 4011 traxe·

1556 4044 1700 4087 runt.
1724 4035 2033 4100 Pausanias,
2067 4035 2123 4087 11
2141 4074 2157 4101 ,
2192 4035 2273 4089 31.
2298 4034 2587 4085 -Πεὴ-

1554 4132 1688 4167 sens
1718 4133 1909 4183 propes
1921 4156 1938 4182 ‚
1982 4115 2212 4185 Pegasus
2250 4133 2281 4169 e
2314 4111 2580 4182 sanguine

2584 1897 2631 1926 Α
