2975 4784
500 355 652 424 ‘²7²

1086 329 1164 393 P.
1217 329 1567 397 OVIDII
1615 326 2069 397 NASONIS

620 467 822 539 Hunc
860 492 1055 550 avuS‚
1090 464 1269 541 hunc
1305 467 1655 555 Athamas,
1691 468 1869 543 hunc
1903 485 2119 543 cetera
2150 468 2345 543 turba
2377 497 2664 544 suorum

526 580 921 682 Corripiunt
952 580 1182 670 dictis,
1217 582 1592 684 frustraque
1621 583 1920 658 inhibere
1957 585 2279 659 laborant.

2552 607 2661 660 565

527 699 768 774 Acrior
800 697 1144 772 admonitu
1176 716 1310 786 θεὶς
1341 698 1767 801 irritaturque
1800 717 2087 788 retenta,

525 819 618 890 Et
647 815 878 890 crescit
910 815 1162 901 rabies3
1198 816 1765 916 remoraminaque
1800 815 1948 915 ipsa
1979 815 2331 890 nocebant.

526 931 637 1006 Sic
672 960 795 1027 ego
836 948 1234 1019 torrentem,
1274 960 1404 1031 qua
1436 930 1534 1003 nil
1567 931 1877 1005 obstabat
1913 932 2098 1005 eunti
2122 988 2140 1019 ,

526 1047 774 1121 Lenius
794 1104 813 1136 ‚
851 1065 921 1121 et
950 1046 1211 1121 modico
1246 1047 1529 1147 strepitu
1566 1046 1906 1120 decurrere
1939 1046 2073 1119 vidi
2105 1075 2122 1119 ε

530 1163 623 1235 At
655 1159 1067 1263 quacumque
1104 1161 1321 1234 trabes
1358 1160 1833 1261 obstructaque
1866 1188 2020 1234 saxa
2048 1159 2361 1235 tenebant
2380 1215 2400 1248 ‚

2557 1181 2669 1251 570

532 1277 859 1377 Spumeus
880 1330 902 1363 ‚
938 1292 1006 1350 et
1034 1274 1330 1364 fervens,
1368 1293 1437 1349 et
1469 1275 1554 1349 ab
1591 1276 1805 1374 objice
1837 1275 2071 1350 saevior
2102 1276 2263 1349 ibat.

527 1397 701 1468 Ecce
732 1391 1056 1467 cruentati
1090 1391 1405 1479 redeunt;
1440 1410 1538 1481 et,
1571 1393 1873 1465 Bacchus
1907 1392 2026 1466 ubi
2063 1411 2239 1467 esset

532 1508 873 1605 Quaerenti
909 1507 1215 1595 domino,
1247 1507 1582 1583 Bacchum
1612 1509 1853 1582 vidisse
1884 1525 2226 1603 negarunt.

534 1625 732 1696 Hunc
754 1679 773 1713 ,
808 1622 1058 1710 dixere,
1094 1640 1308 1696 tamen
1341 1623 1681 1713 comitem,
1712 1622 2163 1723 famulumque
2198 1652 2535 1698 sacrorum

598 1823 710 1890 564.
727 1825 899 1890 Ans,
916 1823 1003 1891 qui
1021 1822 1076 1876 in
1086 1823 1214 1877 vivis
1222 1822 1393 1877 adhuc
1402 1834 1516 1877 erat
1528 1863 1543 1891 ,

533 1902 624 1958 sed
671 1921 897 1972 regnum
936 1900 1179 1954 Pentheo
1217 1900 1503 1956 tradiderat
1527 1942 1543 1970 ,

534 2002 661 2036 eum
678 1985 909 2043 inhibere,
927 1999 1188 2047 coercere,
1202 1980 1415 2034 laborat.
1433 1981 1550 2035 Eu-

536 2059 687 2130 ripid.
712 2060 829 2112 330.
850 2085 918 2101 ·-
941 2058 1098 2129 Apud
1123 2058 1430 2128 Euripidem
1445 2100 1459 2127 ,
1489 2061 1547 2112 in

537 2139 754 2194 Bacchis
772 2178 788 2205 ,
808 2158 919 2193 non
943 2138 1087 2191 audit
1113 2137 1380 2192 Cadmum
1397 2178 1412 2205 ,
1434 2158 1546 2192 non

537 2219 812 2272 Tiresiam.
845 2219 946 2271 Ed.
972 2245 1041 2259 -
1069 2219 1219 2270 Hunc
1255 2218 1544 2282 Athaman·

540 2295 682 2348 AEoli
723 2295 858 2348 filius
892 2295 992 2348 suit
1026 2295 1312 2361 Athamas,
1357 2294 1549 2348 Cadmi

539 2393 715 2444 gener.
739 2375 841 2426 Ed.
866 2399 934 2415 ·-
958 2374 1163 2427 Sacrum
1186 2374 1433 2442 languere
1457 2373 1547 2424 vi·-

536 2450 695 2504 detur
714 2449 1065 2513 Bur-manum
1100 2451 1312 2520 praesert
1334 2452 1494 2520 igitur
1516 2469 1546 2505 e

539 2527 789 2582 Cantabr.
801 2536 1071 2597 sequentes,
1093 2529 1241 2582 malit
1254 2539 1359 2583 tam
1364 2530 1551 2598 eust-eb

534 2612 749 2674 quentes.
778 2606 1111 2675 Languorem
1128 2605 1274 2660 illum
1299 2605 1552 2676 equidem

538 2702 646 2737 non
684 2682 854 2736 video.
902 2683 1103 2753 Regem
1134 2684 1396 2752 corripere
1435 2703 1547 2737 non

534 2762 635 2815 nisi
650 2766 737 2814 sui
746 2772 1004 2829 poterant.
1017 2788 1086 2802 ·—-
1098 2761 1277 2814 Nostri
1293 2760 1442 2829 Regii
1455 2761 1549 2814 ha-

540 2840 668 2892 bent
683 2855 916 2902 woman·
941 2838 1013 2891 ita
1032 2848 1088 2891 et
1103 2855 1289 2892 omnes
1311 2856 1442 2906 quos
1462 2838 1548 2891 alii

537 2916 927 2971 consuluerunt.
951 2917 1051 2968 Ed.

605 2994 717 3046 566.
732 2993 922 3047 Acn'or
931 2994 1189 3046 admonitu
1208 2999 1300 3044 est.
1320 2992 1548 3062 Berneg.

542 3069 751 3135 Codex,
790 3091 827 3123 a
848 3074 1036 3123 mom'oe
1050 3109 1066 3134 ,
1104 3069 1246 3138 quod
1268 3069 1416 3123 valde
1441 3069 1548 3123 ad-

536 3145 802 3202 blanditur
852 3150 1164 3203 Burmanno
1192 3187 1208 3216 ,
1257 3148 1347 3218 qui
1387 3150 1549 3202 etiam

536 3225 770 3294 exempla
791 3226 958 3281 adfert
973 3266 989 3294 ,
1017 3227 1106 3281 ubi
1127 3248 1163 3280 a
1185 3246 1281 3297 pro
1295 3235 1418 3295 pos!
1436 3247 1548 3296 po·-

533 3302 694 3357 nitur.
716 3330 783 3344 —
797 3303 980 3360 Codex
1001 3307 1195 3377 Regius
1213 3307 1281 3373 A,
1298 3312 1539 3367 aaronita,

537 3380 678 3451 quod
709 3381 852 3437 idem
888 3394 965 3437 est
994 3384 1138 3453 quod
1169 3388 1455 3447 admonitu,
1494 3393 1550 3437 et

536 3461 637 3516 hoc
674 3474 999 3532 postremum
1047 3463 1205 3518 habet
1251 3464 1445 3533 Regius
1483 3462 1546 3515 B.

536 3539 714 3594 Lectio
732 3540 941 3595 Codicis
957 3540 1181 3611 Berneg.
1205 3562 1363 3611 quam
1387 3543 1548 3596 refert

543 3617 718 3684 Giere'g
748 3659 762 3680 ,
829 3637 891 3670 ex
929 3617 1243 3686 compendio
1280 3621 1547 3689 scripturae

538 3693 787 3760 procedit.
812 3696 909 3747 Ed.
949 3721 1015 3734 -
1037 3694 1252 3756 Acrior,
1291 3697 1543 3763 ferocior,

538 3769 837 3824 iracundior
856 3771 915 3825 fit
938 3790 1001 3824 ex
1024 3772 1115 3824 irae
1138 3783 1327 3828 natura
1346 3813 1361 3841 ,
1386 3795 1546 3844 quam

538 3855 692 3916 poeta
729 3846 1015 3915 loquaciter
1067 3847 1281 3917 quidem
1323 3864 1549 3920 quatuor

536 3921 773 3978 formulis
794 3924 992 3979 indicat
1009 3965 1025 3994 ,
1054 3925 1145 3979 sed
1168 3928 1372 3995 egregie
1393 3929 1547 3983 illus·-

537 4013 637 4058 trat
672 4001 1011 4057 similitudine
1046 4004 1277 4072 subjecta
1298 4042 1313 4069 ,
1354 4004 1410 4057 in
1444 4027 1547 4082 qua

536 4105 631 4154 pro
656 4082 883 4154 generali
908 4081 1023 4152 illo,
1047 4087 1125 4138 sic
1148 4091 1338 4138 Ionem·
1359 4087 1548 4137 decur-

1642 1830 1734 1887 rit,
1767 1823 1952 1877 melius
1966 1863 1980 1890 ,
2003 1829 2082 1877 se'c
2098 1841 2192 1892 ego
2206 1830 2464 1877 lomim
2477 1825 2663 1877 deceſs

1642 1920 1747 1953 rere
1777 1904 1898 1953 vidi.
1931 1928 1999 1941 -
2030 1903 2305 1953 Decurrere
2335 1899 2536 1968 proprie
2583 1899 2659 1953 de

1644 1978 1849 2046 fluviis,
1886 1979 1975 2048 qui
2007 1979 2115 2032 sere
2147 1997 2210 2030 ex
2244 1978 2502 2031 altioribus
2526 1977 2662 2032 locis

1646 2057 1904 2112 defluunt.
1932 2085 1998 2097 ——
2031 2060 2096 2111 In
2136 2077 2292 2110 versu
2329 2069 2662 2126 autepraece-

1646 2134 1792 2189 denti
1812 2175 1827 2202 ,
1850 2134 2031 2188 Codex
2048 2136 2242 2203 Regius
2262 2135 2308 2187 A
2327 2134 2481 2188 habet
2503 2155 2664 2188 mno-

1644 2218 1871 2277 tame'na5
1897 2224 1949 2266 at
1985 2210 2166 2266 Codex
2196 2213 2241 2266 B
2258 2251 2274 2277 ‚
2304 2216 2662 2265 moderamina.

1644 2289 1905 2343 Baronius
1920 2330 1936 2356 ‚
1958 2297 2308 2348 mocamae‘an
2335 2308 2485 2358 eque
2506 2290 2660 2342 bene.

1711 2371 1824 2436 570.
1853 2368 2231 2436 Obstructoque.
2257 2367 2500 2435 Obiecta.
2522 2366 2662 2420 Vide

1646 2445 1946 2498 Heinsium.
1978 2472 2045 2485 -—
2084 2444 2397 2500 Gebhardus
2433 2464 2466 2498 e
2497 2444 2664 2497 MSS.

1643 2528 1980 2594 obstrusaque.
2023 2552 2091 2568 ·-
2135 2525 2299 2579 Recte
2335 2529 2596 2579 obstructa
2629 2545 2662 2578 e

1646 2601 1931 2656 codicibus
1949 2603 2140 2673 Regiis.
2159 2605 2260 2655 Ed.
2277 2631 2344 2643 —
2373 2606 2632 2656 Tenebat!
2643 2642 2659 2668 ‚

1643 2699 1854 2733 currum
1874 2682 1987 2749 ejus
2011 2682 2370 2735 morabantur.
2391 2710 2458 2722 —-
2483 2682 2628 2734 obet
2643 2722 2658 2740 ,

1644 2759 1814 2812 trabes
1831 2758 2093 2812 obstructa
2106 2798 2120 2825 ,
2144 2758 2169 2811 l
2187 2798 2202 2825 ,
2227 2758 2365 2813 Fan.
2381 2759 2507 2820 553;
2530 2762 2661 2811 obet

1643 2839 1825 2887 mahts
1839 2875 1853 2897 ‚
1880 2852 2033 2888 mons
2064 2835 2331 2904 objectus3
2365 2838 2431 2887 ab
2459 2836 2656 2900 objice,

1644 2923 1859 2982 propter
1874 2913 2114 2982 objicem.
2127 2915 2397 2975 —Saeeion
2411 2910 2664 2980 rapidior.

1645 2994 1740 3046 vis
1779 3012 2035 3063 aquarum
2078 3013 2204 3047 cum
2251 2999 2332 3046 im
2364 3004 2418 3045 et
2457 2997 2662 3045 sevitie

1642 3083 1990 3142 comparatur.

1710 3157 1822 3225 57²·
1852 3157 2119 3208 cruentati.
2144 3151 2302 3223 Apud
2325 3151 2508 3220 Eurip.
2525 3150 2658 3216 434,

1642 3255 1698 3289 se
1729 3234 1913 3288 vinciri
1939 3233 2169 3305 patitur,
2206 3231 2298 3286 sed
2334 3231 2406 3285 ibi
2444 3249 2660 3300 quoqne

1642 3314 1891 3367 comitem
1934 3332 1989 3366 se
2037 3311 2230 3365 Bacchi
2273 3310 2545 3364 mentitur.
2593 3337 2660 3349 —

1647 3391 1943 3453 Cruentali5
2002 3387 2261 3441 vulnerati
2306 3407 2336 3441 a
2380 3386 2658 3440 comitibus

1644 3468 1868 3533 Bacchi,
1905 3465 2034 3519 dum
2059 3465 2328 3519 Bacchum
2351 3475 2406 3517 et
2427 3463 2657 3518 Bacchas

1641 3543 1970 3617 prehendere
1993 3553 2276 3597 tentarent.
2299 3544 2399 3595 Ed.
2414 3568 2485 3582 —-
2506 3544 2660 3607 Que-

1640 3629 1775 3677 oenti
1790 3626 2023 3685 doarium·
2050 3632 2293 3694 tyranno.
2313 3623 2414 3673 Ed.
2435 3647 2503 3660 —
2516 3620 2658 3672 Bac·

1641 3703 1787 3752 chum
1801 3703 1988 3751 w'eiaessrse
1995 3705 2249 3765 negarant.
2259 3697 2466 3751 Famuli
2476 3707 2657 3749 tamen

1642 3779 1696 3831 in
1719 3777 1933 3831 Bacchis
1951 3776 2213 3847 Euripidis
2242 3797 2257 3830 ι
2284 3786 2445 3832 Πενθεῦ
2462 3816 2478 3842 ,
2501 3779 2658 3844 reip:-

1644 3881 1789 3924 σμιν,
1828 3854 1958 3917 τήνδ’
2003 3859 2144 3931 ἄγραν
2183 3860 2439 3925 ἠγρευκότες
2472 3846 2562 3925 fip’
2605 3861 2658 3917 ἦν

1641 3939 1846 4004 ’ἔπεμψας
1861 3944 1959 3987 etc.
1982 3933 2162 4002 Ipsum
2181 3932 2501 3986 adducentes
2523 3931 2658 3984 Bar—

1640 4010 1797 4064 chum
1822 4050 1838 4078 ,
1880 4029 2040 4080 quem
2079 4011 2272 4064 Noster
2318 4008 2513 4062 Acoetae
2559 4009 2660 4062 sub

1641 4088 1867 4156 imagine
1905 4088 2105 4141 inducit
2142 4088 2409 4141 latentem.
2449 4088 2552 4139 Ed.
2593 4113 2662 4126 —-
