2975 4784
444 359 490 425 6
1228 354 1769 423 PRAEFATIO

451 522 657 598 quum
677 549 696 581 ,
738 493 922 595 quod
956 494 1017 569 ei
1050 492 1294 594 pudori
1329 511 1501 582 erat,
1540 511 1641 568 ter
1669 493 1884 567 victus
1927 510 2100 567 esset
2146 493 2232 567 ab
2284 493 2574 568 Hercule

451 625 754 703 nondum
797 627 966 700 Deo.
1016 627 1267 701 Cornix
1309 626 1472 701 adeo
1507 653 1707 700 corvo
1751 653 1882 699 una
1920 621 2204 711 volanti,
2240 652 2388 725 quae
2426 652 2577 699 aves

453 756 750 859 quaedam
782 786 990 858 passae
1023 776 1238 846 erant,
1275 775 1510 833 notum
1533 758 1710 832 facit.
1747 759 1876 830 Est
1898 756 2126 844 etiam,
2158 755 2281 830 ubi
2298 754 2577 829 Themis

446 889 847 965 mutationes
880 890 1139 965 suturas
1170 890 1586 964 vaticinatur.
1625 886 2013 963 Nonnullos
2044 887 2312 988 mythos
2346 888 2579 987 paucis

446 1039 649 1123 poeta
697 1022 1118 1110 transmittit,
1154 1039 1231 1097 ut
1259 1020 1505 1096 Bacchi
1534 1022 1826 1097 nutrices
1855 1020 2110 1097 vetulas
2132 1077 2152 1110 ,
2189 1021 2438 1122 quibus
2464 1022 2580 1120 ju-

401 1194 405 1198 >
448 1170 683 1228 ventus
704 1182 742 1228 a
764 1155 1002 1228 Medea
1023 1154 1341 1243 redditur,
1357 1171 1455 1241 et,
1481 1154 1666 1256 quod
1681 1153 1971 1243 mireris,
1995 1152 2582 1228 celebratissimam

452 1285 616 1359 adeo
667 1282 1305 1380 Gigantomachiam.
1358 1286 1738 1384 Quosdam,
1773 1285 2023 1386 quippe
2056 1312 2295 1386 parum
2325 1312 2584 1359 memo-

452 1419 700 1494 rabiles
720 1476 740 1509 ,
776 1420 982 1495 verbo
1035 1437 1291 1494 tantum
1329 1419 1561 1515 tangit.
1618 1418 1731 1494 Sic
1775 1446 1909 1493 una
1952 1445 2034 1492 ex
2080 1415 2540 1518 Minyeidibus
2558 1472 2579 1505 ,

453 1549 770 1631 dubitans
786 1606 806 1639 ,
830 1551 996 1652 quid
1015 1581 1050 1627 e
1068 1550 1298 1627 multis
1322 1552 1748 1654 potissimum
1768 1549 2036 1637 reserat,
2058 1564 2126 1621 et
2144 1545 2350 1623 altera
2364 1604 2385 1636 ,
2414 1576 2582 1648 prae-

454 1682 761 1757 teritione
797 1680 1125 1756 rhetorica
1164 1701 1392 1770 utens,
1429 1681 1724 1783 plurium
1764 1696 2151 1777 argumenta
2195 1678 2579 1753 brevissime

455 1831 826 1902 recensent3
854 1841 975 1888 nec
1003 1811 1194 1888 aliter
1212 1842 1282 1888 se
1302 1813 1587 1903 habent,
1616 1841 1763 1914 quae
1784 1810 2090 1885 Arachne
2116 1808 2316 1897 texit,
2340 1827 2408 1884 et
2435 1836 2582 1909 quae

462 1943 767 2017 Minerva
796 1971 944 2018 cum
970 1972 1048 2018 ea
1078 1961 1333 2019 certans
1368 1944 1438 2017 in
1464 1945 1770 2020 extremis
1793 1944 1993 2019 vestis
2023 1942 2328 2044 partibus
2359 1941 2579 2043 ponit.

463 2072 701 2148 Medea
730 2072 1040 2149 sublimis
1074 2073 1335 2171 fugiens
1365 2103 1445 2149 ex
1476 2084 1622 2150 acre
1646 2074 1927 2177 despicit
1955 2074 2098 2148 loca
2126 2070 2338 2147 multa
2367 2089 2584 2147 trans-

456 2176 970 2280 formationibus
1004 2223 1199 2294 nota,
1229 2234 1374 2307 quae
1392 2234 1536 2281 non
1561 2223 1940 2295 narrantur,
1967 2205 2084 2279 sed
2101 2221 2357 2278 tantum
2379 2204 2587 2277 attin-

464 2353 734 2431 guntur.
792 2339 1044 2412 Verum
1078 2338 1149 2411 in
1185 2336 1380 2435 longe
1415 2335 1724 2442 plurimis
1758 2335 2010 2432 ingenii
2041 2334 2266 2437 copias
2303 2335 2586 2410 Ovidius

459 2465 732 2555 effudit,
764 2483 829 2540 et
854 2485 1173 2569 quantum
1197 2469 1398 2544 rebus
1422 2468 1691 2543 flumine
1718 2466 2034 2541 orationis
2057 2466 2454 2540 exornandis
2476 2494 2587 2539 va-

457 2597 626 2675 leret
643 2598 970 2689 ostendit,
994 2628 1071 2674 ea
1093 2599 1363 2701 quidem
1378 2599 1720 2687 varietate,
1748 2613 1823 2671 ut
1839 2620 2022 2670 nunc
2040 2596 2379 2687 historici,
2407 2626 2588 2672 nunc

461 2728 799 2804 dramatici
828 2747 1051 2831 partes
1082 2746 1340 2825 ageret3
1375 2757 1508 2831 qua
1530 2729 1679 2830 ipsa
1705 2755 1776 2802 re
1802 2724 2165 2827 plurimum
2197 2728 2423 2825 gratiae
2448 2756 2590 2803 car-

462 2861 626 2934 mini
663 2858 1074 2934 conciliatur.

561 2992 787 3065 Primo
814 2991 1154 3087 ingenium
1186 2989 1421 3066 lectori
1446 2990 1519 3065 in
1541 2989 2239 3066 transformationibus
2269 2990 2436 3093 ipsis
2474 2991 2587 3068 de-

464 3115 834 3191 scribendis
856 3117 1215 3225 approbat3
1244 3116 1314 3190 in
1334 3144 1499 3219 quas
1514 3118 1691 3193 enim
1703 3117 1856 3190 novi
1882 3118 2183 3219 corporis
2203 3136 2424 3219 partes
2448 3120 2588 3193 sin-

465 3240 619 3338 gula
636 3241 864 3317 forma
887 3244 1131 3346 prioris
1151 3244 1447 3320 membra
1475 3243 1874 3330 transierint,
1901 3243 2282 3318 suavissime
2306 3262 2586 3333 enarrat,

463 3385 659 3470 atque
692 3368 786 3443 ita
819 3369 1181 3445 multorum
1214 3370 1679 3459 animantium,
1707 3366 2062 3443 multarum
2088 3369 2246 3444 item
2272 3368 2592 3444 arborum

463 3491 876 3596 aliarumque
905 3516 1126 3570 rerum
1159 3515 1461 3572 naturam
1489 3493 1764 3603 mirifice
1790 3494 2030 3598 pingit.
2072 3493 2278 3604 Cycno
2301 3494 2373 3569 in
2407 3523 2591 3569 avem

464 3616 571 3689 sui
609 3619 901 3693 nominis
931 3621 1345 3709 transeunti,
1371 3623 1480 3709 ll,
1515 3618 1657 3720 373
1680 3675 1699 3710 ‚

634 3831 650 3847 .
674 3830 691 3847 .
715 3829 733 3848 .
785 3791 917 3852 Vox
947 3805 1035 3854 est
1060 3804 1286 3854 tenuata
1310 3791 1470 3871 viro,
1500 3812 1766 3875 canaeque
1787 3791 2020 3877 capillos

624 3887 1002 3952 Dissimulant
1030 3891 1273 3974 plumae,
1299 3891 1628 3974 collumque
1653 3915 1687 3954 a
1719 3905 1950 3976 pectore
1979 3891 2218 3975 longum

624 3986 984 4072 Porrigitur‚
1014 3989 1339 4074 digitosque
1364 3990 1502 4077 ligat
1525 3993 1788 4074 junctura
1816 3991 2116 4053 rubentes:

626 4087 820 4151 Pcnna
843 4086 989 4155 laun
1014 4090 1217 4163 vestit3
1253 4102 1411 4155 tenet
1438 4113 1509 4155 os
1541 4091 1665 4155 sine
1695 4091 1953 4156 acumine
1973 4101 2241 4154 rostrum·
