2975 4784
527 387 660 470 246

1086 385 1164 450 P.
1224 385 1575 454 OVIDII
1626 379 2079 455 NASONIS

522 526 687 600 Visa
718 525 860 598 Dea
889 541 1025 610 est;
1058 522 1169 597 alii
1204 522 1511 612 laudant,
1542 523 1940 626 dignamque
1973 552 2192 599 severa

522 641 919 737 Virginitate
954 658 1190 714 vocant
1225 668 1242 714 t
1270 668 1425 742 pars
1458 640 1714 715 invenit
1743 658 2024 741 utraque
2055 668 2306 715 causas.

2547 670 2644 723 25⁵

527 755 682 830 Sola
711 758 757 829 J
760 757 902 831 ovis
937 758 1179 857 conjux
1212 785 1350 831 non
1383 774 1517 831 tam
1542 756 1853 857 culpetne
1885 755 2210 856 probetne

523 871 912 975 Eloquitur,
951 902 1148 976 quam
1182 873 1363 948 clade
1398 873 1636 947 domus
1670 871 1755 946 ab
1790 872 2096 968 Agenore
2125 873 2340 947 ductae

527 988 825 1078 Gaudet;
862 1008 929 1064 et
961 1020 999 1065 a
1022 991 1222 1092 Tyria
1256 988 1608 1064 collectum
1636 988 1873 1091 pellice
1909 990 2220 1064 transfert

520 1107 606 1178 In
631 1109 887 1201 generis
926 1107 1146 1181 socios
1180 1106 1407 1181 odium
1434 1137 1452 1180 ε
1484 1107 1672 1181 subit
1703 1134 1850 1181 ecce
1880 1105 2090 1208 priori

527 1221 743 1298 Causa
773 1252 1035 1311 recens3
1070 1224 1536 1325 gravidamque
1571 1222 1753 1297 dolet
1782 1222 1863 1297 de
1899 1223 2147 1297 semine
2181 1224 2403 1318 magni

2549 1245 2642 1297 260

522 1340 690 1414 Esse
722 1341 766 1413 J
770 1340 910 1414 ovis
944 1338 1243 1415 Semelen
1276 1370 1293 1413 ε
1326 1357 1468 1414 tum
1501 1337 1799 1435 linguam
1835 1338 1917 1412 ad
1946 1337 2164 1437 jurgia
2195 1336 2438 1428 solvit3

527 1487 564 1521 α
600 1453 810 1531 Effeci
841 1457 1003 1558 quid
1034 1457 1211 1532 enim
1247 1458 1447 1532 toties
1480 1486 1604 1559 per
1633 1457 1906 1556 jurgia?
1930 1454 2119 1528 dixit.

518 1656 645 1711 liam
667 1697 681 1724 ,
708 1677 738 1710 a
761 1658 896 1710 Jove
919 1660 1212 1730 concepisse
1232 1700 1247 1726 ‚
1278 1660 1334 1713 in
1371 1679 1535 1713 anum

519 1755 771 1790 conversa
794 1737 959 1805 ipsam
982 1736 1090 1790 adit
1111 1778 1126 1804 ‚
1154 1737 1534 1807 persuadetque

519 1811 910 1880 fraudulenter,
954 1825 1014 1866 ut
1036 1833 1102 1867 eo
1132 1814 1313 1867 habitu
1339 1814 1534 1867 Jovetn

519 1890 614 1945 sibi
642 1900 880 1960 expetat,
917 1909 1023 1959 quo
1045 1890 1250 1943 Junoni
1271 1891 1536 1961 amplexus

520 1969 645 2024 dare
683 1969 859 2023 soleat.
886 1969 1097 2039 Jupiter
1126 1968 1285 2039 igitur
1317 1970 1535 2038 jureju-

430 2106 441 2120 ,
518 2047 690 2102 raudo
720 2057 927 2102 coactus
946 2088 961 2112 ‚
1010 2066 1133 2101 cum
1170 2047 1450 2102 tonitribus
1481 2058 1537 2101 et

520 2124 827 2179 fulminibus
870 2124 1104 2179 Semeles
1148 2123 1284 2177 oedes
1327 2125 1487 2178 intrat
1517 2146 1534 2189 ς

523 2201 712 2272 quibus
734 2221 899 2271 quum
924 2202 1271 2273 conflagraret
1291 2202 1501 2273 gravida
1520 2242 1537 2268 ‚

526 2294 679 2337 utero
714 2284 829 2351 ejus
870 2283 1137 2338 Bacchum
1170 2284 1539 2354 imperfectum

527 2359 702 2428 eripit,
724 2359 913 2413 femori
935 2379 1031 2414 suo
1054 2359 1233 2426 insuit,
1250 2372 1406 2431 atque
1424 2361 1540 2433 Ny·-

458 2455 469 2462 “
525 2438 750 2492 seidibus
770 2438 1104 2494 educandum
1128 2439 1300 2493 tradit.
1338 2440 1541 2493 Confer

527 2516 765 2586 Euripid.
781 2516 970 2571 Bacch.
993 2536 1120 2590 1-9‚
1144 2519 1379 2590 89-ιο4,
1404 2519 1542 2572 286-

526 2614 651 2668 297³
678 2593 919 2664 Apollod.
952 2594 1071 2661 111,
1108 2611 1167 2647 lv
1186 2635 1201 2661 ‚
1230 2601 1291 2659 ὃς
1319 2595 1540 2649 Dio‘dor.

529 2673 632 2727 Sic.
667 2672 788 2739 111,
812 2672 907 2739 63,
938 2673 1038 2741 IV,
1064 2694 1128 2737 ’.ις
1155 2672 1369 2728 Lucian.
1404 2673 1540 2727 Dial.

528 2751 597 2804 D.
622 2772 690 2824 9;
728 2750 927 2805 Eudoc.
950 2771 999 2822 p.
1024 2754 1126 2806 118
1149 2762 1203 2804 et
1226 2752 1355 2819 3733
1398 2752 1542 2824 Hyg.

526 2831 683 2883 sabul.
732 2831 825 2901 169
840 2868 855 2897 ,
900 2848 992 2901 ¹79
1019 2851 1032 2892 3
1081 2829 1324 2899 Fulgent.
1363 2830 1540 2903 Myth.

530 2909 604 2975 11,
629 2913 704 2962 15.
717 2908 923 2976 Nempe
938 2905 1173 2961 Bacchus
1184 2908 1353 2976 poetis
1374 2908 1543 2962 dictus

529 2995 608 3038 est
629 2993 894 3061 κυρηενὴς,
920 2982 1063 3054 quod
1091 3003 1167 3053 pr.
1193 2985 1299 3037 vini
1316 3004 1544 3055 genero-

530 3063 678 3114 sioris
700 3064 991 3132 vitiumque
1007 3061 1295 3132 epitheton.
1318 3063 1511 3118 Strabo
1525 3103 1541 3132 ,

529 3139 618 3193 lib.
640 3139 777 3193 xm
800 3180 815 3204 ‚
850 3159 900 3209 p.
921 3140 1035 3195 62⁸.
1061 3142 1233 3194 Porro
1250 3181 1265 3210 ,
1295 3141 1544 3197 Orienta-

528 3218 664 3272 libus
685 3217 956 3286 essenon
976 3219 1186 3274 alterius
1205 3224 1379 3289 egmde‘
1402 3221 1545 3276 diei-

534 3307 623 3352 tur
638 3335 653 3363 ,
678 3294 769 3364 qui
785 3295 849 3348 ab
865 3315 929 3350 eo
948 3297 1191 3369 gignitur.
1217 3300 1361 3354 Hinc
1372 3300 1547 3354 sabula

534 3376 675 3431 nasci
700 3375 845 3429 facile
870 3379 1054 3447 potuit.
1071 3378 1190 3432 Alia
1208 3379 1274 3432 ad
1292 3399 1425 3434 vers.
1445 3383 1544 3434 312

533 3455 787 3509 dabimus.
808 3481 877 3495 —·
892 3458 1089 3508 Rumor
1103 3467 1200 3510 etc.
1237 3456 1429 3525 Quum
1451 3477 1547 3511 ru·-

534 3553 654 3588 mor
665 3536 730 3589 de
748 3536 1005 3591 Actaeonis
1012 3553 1165 3605 poena
1175 3556 1379 3606 sparsus
1393 3547 1544 3606 esset,

531 3613 589 3665 in
613 3623 890 3684 utramque
915 3620 1118 3682 partem
1140 3613 1205 3667 de
1233 3634 1295 3669 ea
1319 3616 1549 3686 disputa-

537 3699 652 3741 tum
689 3702 781 3743 est.
823 3689 1029 3743 Verum
1065 3690 1210 3743 nullo
1241 3692 1365 3760 iure
1387 3692 1454 3746 de
1486 3707 1549 3745 ea

537 3768 893 3836 disputabatur
909 3809 925 3837 ,
963 3787 1130 3839 quum
1168 3789 1377 3840 poenam
1405 3771 1548 3824 illam

538 3845 801 3900 Saturniae
814 3847 951 3916 leges
970 3850 1325 3918 postulassent.
1342 3847 1548 3902 Gallim.

538 3924 595 3977 in
612 3923 765 3975 lavac.
784 3923 976 3977 Pallad.
996 3945 1063 3998 99
1075 3945 1259 3995 sqq.—
1276 3927 1555 3978 Vt'olentt’or

540 4001 646 4055 visa
677 4010 756 4053 est
778 4000 935 4054 etiam
969 4004 1155 4057 Senee.
1194 4001 1376 4070 OEdip.
1414 4003 1510 4072 763
1532 4041 1548 4070 ,

545 4079 633 4132 ubi
675 4081 879 4132 ntmium
918 4086 1045 4133 ,περί
1066 4083 1205 4134 Diua
1235 4082 1458 4148 pudoris.
1485 4106 1553 4122 -·

541 4157 853 4226 Dignumque
886 4168 984 4213 etc.
1003 4197 1018 4226 ,
1045 4158 1230 4214 decere
1252 4176 1369 4213 eam
1398 4176 1548 4212 seve-

1631 1659 1844 1714 ritatem
1866 1668 2069 1713 tantam
2092 1658 2146 1712 in
2168 1656 2515 1712 custodiendo
2535 1675 2637 1728 pu-

1631 1736 1759 1791 dore
1791 1756 1902 1791 suo.

1697 1815 1807 1870 256.
1835 1817 2073 1882 culpetne
2096 1823 2192 1868 etc.
2208 1836 2222 1877 3
2241 1823 2302 1867 ut
2324 1814 2462 1885 apud
2473 1812 2634 1867 Tibul.

1632 1891 1733 1958 IV,
1745 1909 1801 1959 v,
1817 1892 2023 1945 ao.Duo
2037 1890 2198 1945 MSS.
2209 1894 2636 1958 clamantem

1631 1988 1727 2038 pro
1747 1969 1951 2040 vulgata
1971 2010 1985 2035 ‚
2023 1974 2212 2022 clamve
2230 1973 2498 2037 palantum·
2525 1985 2634 2036 que

1632 2048 1852 2102 varietas
1869 2048 2028 2101 etiam
2044 2047 2127 2101 hic
2141 2048 2396 2113 notanda,
2415 2048 2636 2102 ubinou·

1633 2125 1784 2192 nulli,
1798 2129 2272 2194 culpeloepmbetvc.
2280 2128 2632 2186 —Colleclnm

1631 2203 1946 2273 conceptum
1966 2244 1981 2270 ,
2008 2213 2067 2255 ut
2088 2207 2321 2271 colh‘gere
2343 2208 2483 2256 silius
2504 2213 2557 2256 et
2575 2203 2642 2256 si-

1634 2281 1791 2334 milia.
1814 2281 2151 2335 Translatum
2184 2279 2311 2332 illud
2344 2281 2410 2333 ab
2438 2281 2641 2350 Europa

1636 2360 1816 2413 odium
1833 2359 1994 2414 etiam
2007 2362 2062 2413 in
2079 2379 2190 2430 sqq.
2207 2360 2394 2413 sabula
2411 2360 2640 2430 quedam

1635 2440 1968 2494 confirmant.

1703 2520 1815 2572 261.
1848 2519 1972 2571 Tune
2003 2521 2228 2586 lingnam
2258 2528 2356 2571 etc.
2401 2518 2643 2572 Heinsius

1636 2596 1736 2650 hoc
1759 2596 2146 2650 hemistichium
2168 2606 2469 2665 suspectum
2489 2595 2645 2649 habe·

1635 2674 1754 2740 bat,
1790 2685 1844 2728 et
1862 2673 2171 2742 conjiciebat
2191 2675 2318 2742 quid
2332 2678 2555 2742 liugnam
2579 2675 2652 2726 ad

1620 2753 1802 2822 jurge'a
1825 2756 1962 2804 solvi
1976 2752 2058 2804 vel
2089 2755 2272 2806 soleo?
2297 2751 2473 2805 deleto
2497 2770 2644 2805 versu

1634 2831 1908 2900 sequenti,
1938 2848 2099 2899 quem
2136 2828 2359 2883 latinum
2389 2849 2502 2884 non
2538 2848 2644 2900 pu·-

1637 2907 1809 2973 tabat,
1830 2906 1930 2961 nisi
1955 2908 2218 2979 legeretur
2234 2946 2250 2974 ,
2274 2913 2354 2958 lo!
2363 2908 2425 2959 10
2437 2910 2646 2973 perlat»

1632 2990 1737 3053 gia.
1766 3011 1834 3026 ·-
1866 2985 2044 3039 Nostri
2070 2983 2292 3038 Codices
2316 2984 2453 3038 hanc
2475 2983 2646 3038 lectio·

1636 3084 1762 3119 nem
1777 3066 2029 3136 prebent.
2055 3068 2157 3119 Ed.

1706 3143 1816 3197 262.
1838 3142 2019 3211 Effeci
2034 3145 2161 3212 quid
2175 3147 2308 3196 entim
2330 3152 2428 3196 etc.
2453 3141 2646 3195 Amant

1607 3243 1616 3250 ·
1638 3232 1806 3292 poetae
1822 3221 2081 3293 ejusmodi
2103 3222 2374 3292 soliloquia
2394 3221 2645 3275 Deorum.

1641 3301 1846 3356 Confer
1870 3303 1924 3357 11
1942 3343 1957 3372 ,
1996 3306 2085 3373 471
2110 3325 2126 3367 ς
2169 3301 2277 3369 IV,
2303 3304 2439 3370 4203
2465 3299 2643 3371 Vin-331.

1639 3377 1852 3434 AEneid.
1886 3382 1944 3446 1,
1979 3381 2045 3433 36
2089 3398 2199 3449 sqq.
2247 3378 2541 3433 Exordium
2573 3387 2645 3431 est

1639 3458 1935 3528 abruptum.
1973 3457 2146 3512 Antea
2171 3458 2324 3512 tacite
2356 3476 2536 3512 secum
2566 3457 2646 3509 in·

1640 3534 1849 3606 dignata
1885 3537 2087 3603 suerat,
2132 3545 2247 3589 tum
2289 3536 2604 3605 cogitaverat
2630 3572 2644 3599 ,

1641 3614 1780 3668 nolle
1801 3634 1854 3668 se
1874 3633 2052 3668 rursus
2070 3614 2256 3684 iurgiis
2266 3615 2343 3669 uti
2361 3637 2375 3676 ;
2401 3614 2528 3668 hinc
2542 3631 2645 3666 ver·

1639 3692 1716 3745 bis
1740 3692 1944 3764 pergit,
1968 3691 2148 3760 Effice·
2163 3703 2258 3747 etc.
2288 3691 2372 3768 Cf.
2401 3693 2501 3758 Vl,
2525 3692 2643 3760 687,

1642 3770 1730 3822 ubi
1747 3771 2084 3840 praemittitur
2094 3774 2173 3824 E!
2180 3775 2384 3836 mrim
2402 3770 2483 3824 lx
2497 3809 2513 3836 ,
2535 3768 2644 3835 ¹43³

1643 3846 1780 3902 Plin.
1806 3847 1903 3916 lv,
1931 3849 2030 3920 Ep.
2055 3866 2148 3916 ιν,
2185 3849 2315 3903 Pan.
2341 3865 2484 3916 ux,
2518 3847 2647 3900 6·—

1641 3923 1825 3992 Esseci
1851 3925 2192 3981 Burmannus
2230 3946 2293 3980 ex
2325 3926 2647 3980 Francorum·

1642 4003 1776 4057 tensi
1810 4004 1987 4072 dedit,
2025 4007 2147 4076 quia
2177 4005 2447 4061 venustius
2477 4005 2527 4059 ei
2562 4002 2646 4054 vi-

1642 4080 1864 4137 debatur
1897 4085 2108 4155 vulgato
2131 4085 2336 4154 profice·
2348 4126 2363 4148 ,
2419 4081 2560 4154 quod
2595 4088 2644 4132 e!

1642 4162 1807 4216 nostri
1832 4162 1986 4233 Regii
2011 4163 2222 4219 habent.
2257 4165 2358 4217 Ed.
