2975 4784
545 264 1611 400 'METAMORPHosssoN
1657 312 1854 382 ΜΒ.
1907 313 2058 382 111.

2251 316 2379 383 223

264 447 745 523 Incustoditam
780 448 956 524 lente
992 450 1175 525 videt
1205 451 1300 526 ire
1328 452 1667 552 juvencam
1689 509 1707 540 ,
2327 478 2387 531 ιε

262 564 541 639 Nullum
582 565 833 640 servitii
867 566 1131 662 signum
1166 568 1413 642 cervice
1449 586 1808 663 gerentem:

270 680 750 782 Subsequitur,
788 709 1154 783 pressoque
1187 681 1351 779 legit
1380 686 1657 780 vestigia
1693 713 1955 780 gressu3

271 797 756 900 Auctoremque
787 797 907 871 viae
943 798 1270 873 Phoebum
1312 800 1678 874 taciturnus
1712 801 1962 876 adorat.
2023 805 2036 814 ⁶

272 912 416 988 Jam
449 913 616 987 vada
648 912 953 1013 Cephisi,
989 914 1425 1016 Panopesque
1461 933 1750 990 evaserat
1783 944 1976 1003 arva3

274 1027 407 1101 Bos
441 1029 659 1116 stetit;
700 1046 768 1101 et
800 1026 1040 1103 tollens
1075 1031 1432 1130 spatiosam
1466 1032 1783 1106 cornibus
1815 1031 1992 1107 altis‘
2327 1074 2391 1110 ao

280 1150 380 1224 Ad
410 1150 640 1225 caelum
671 1150 990 1239 frontem,
1024 1153 1395 1247 mugitibus
1431 1153 1700 1255 impulit
1730 1183 1940 1229 auras.

281 1273 497 1373 Atque
527 1274 654 1360 ita,
692 1273 1049 1374 respiciens
1085 1276 1358 1349 comites
1387 1304 1506 1364 sua
1543 1293 1723 1371 terga
1761 1294 2110 1377 sequentes
2131 1334 2151 1366 ,

281 1396 685 1485 Procubuit,
725 1412 1075 1498 teneraque
1107 1396 1282 1472 latus
1316 1398 1628 1474 submisit
1662 1400 1730 1471 in
1764 1398 1991 1472 herba.

286 1518 566 1593 Cadmus
600 1521 740 1615 agit
769 1537 987 1615 grates
1007 1576 1027 1609 ,
1062 1521 1557 1622 peregrinaeque
1592 1518 1821 1596 oscula
1853 1539 2040 1596 terrae

286 1732 406 1786 cino
443 1735 717 1788 Castalium
753 1744 918 1789 vocat.
957 1762 1027 1776 -
1064 1738 1246 1789 Presso
1269 1775 1284 1799 ‚

290 1809 449 1862 tardo.
477 1811 812 1866 Burmannus
832 1822 1101 1882 comparat
1122 1831 1151 1865 e
1177 1811 1288 1864 Liv.

288 1902 464 1940 xxvm
477 1928 493 1954 ,
526 1892 584 1955 14
611 1908 624 1941 ε
648 1892 906 1957 Hispanos
923 1909 1101 1958 presso
1127 1893 1291 1958 gradu

290 1968 508 2018 incedere
524 1967 689 2033 jubel.
727 1969 866 2021 Lens
902 1987 1028 2022 vero
1061 1988 1075 2021 ε
1113 1988 1289 2038 gressu

293 2042 533 2113 impresso
546 2047 602 2099 in
616 2048 835 2116 vestigiis
847 2067 1027 2103 vacooe.
1047 2075 1114 2088 —
1130 2049 1290 2103 Ado-

292 2127 417 2174 ratio
444 2123 561 2177 alias
590 2124 747 2178 fiebat
782 2127 1020 2180 formulis
1041 2145 1130 2180 ore
1156 2145 1292 2197 pro-

294 2196 406 2251 latis
414 2202 665 2272 certisque
680 2203 862 2257 ritibus
880 2226 894 2267 ς
918 2203 1152 2257 Cadmus
1168 2221 1293 2257 vero

293 2274 431 2329 inter
442 2280 671 2333 eundum
683 2285 960 2335 taciturnus
978 2281 1164 2351 gratias
1180 2301 1295 2351 age-

296 2352 381 2406 bat
412 2356 655 2426 Apollini.
691 2387 758 2400 -
786 2362 1148 2427 Auctoremque
1184 2364 1295 2412 vie.

296 2428 597 2489 Gebhardus
614 2476 630 2502 ,
659 2435 817 2506 Crep.
840 2439 893 2499 1,
918 2458 975 2490 ια
994 2477 1009 2502 ,
1027 2438 1178 2507 legit,
1203 2457 1297 2490 ac-

296 2513 528 2580 toremque
540 2518 649 2576 vie,
677 2515 817 2583 quod
836 2515 1177 2568 Burmannus
1190 2534 1296 2568 me-

298 2585 391 2638 rito
411 2588 649 2660 ineptum
676 2591 884 2660 judicat.
902 2620 970 2633 —
991 2593 1168 2648 Nostri
1195 2591 1298 2646 Co-

297 2660 425 2720 dices
448 2669 602 2739 Regii
629 2670 824 2723 habent
845 2677 1111 2725 auctorent.

345 2753 432 2817 ‘¹9·
452 2750 578 2802 Jan
593 2752 731 2802 uada
754 2751 966 2817 Cephisi.
982 2751 1065 2804 De
1088 2754 1300 2819 Cephiso

297 2821 407 2878 vide
428 2826 492 2879 ad
519 2828 546 2882 1
567 2869 582 2894 ,
620 2829 734 2900 369.
756 2857 823 2870 —-
838 2832 1162 2900 Panopesque
1180 2852 1302 2885 era-

298 2906 427 2951 serat
461 2923 601 2956 arva.
643 2907 848 2972 Panope
877 2917 966 2960 aut
1004 2909 1270 2974 Panopeus
1285 2948 1299 2970 ,

302 2977 415 3030 urbs
436 2978 699 3035 Phocidis.
739 2982 1010 3052 Mediceus
1028 3023 1043 3048 ,
1071 2985 1225 3038 Basil.
1250 2995 1305 3038 et

302 3050 527 3110 Gronov.
549 3063 783 3127 Panopes
802 3068 1041 3115 evaserat.
1057 3063 1305 3116 Heinsius

302 3133 620 3200 conjecturat
642 3140 906 3204 Panopen,
947 3149 1006 3192 ut
1037 3151 1168 3193 esset
1201 3159 1305 3211 ap-

300 3211 491 3277 positio.
530 3216 709 3269 Etiam
737 3218 1075 3272 Burmannus
1096 3221 1308 3288 putabat

298 3291 484 3346 rectius
525 3294 682 3348 scribi
730 3297 967 3362 Panopea
988 3336 1004 3356 ,
1056 3297 1308 3367 oppidum

216 3412 224 3419 .
296 3366 439 3420 enim
483 3373 753 3438 Panopeus
788 3391 817 3425 a
856 3372 1114 3427 Strabone
1132 3414 1148 3440 ,
1190 3376 1268 3430 lx
1291 3416 1307 3444 ,

298 3459 344 3509 p.
368 3446 464 3510 416
483 3486 498 3512 ,
540 3446 646 3500 dici
669 3459 723 3501 et
741 3467 771 3500 a
794 3449 1047 3503 Pausania
1065 3490 1082 3517 ,
1118 3451 1169 3504 X
1187 3491 1202 3518 ,
1235 3456 1266 3519 4
1292 3492 1308 3520 ,

286 3518 414 3574 ‚licet
446 3542 475 3575 a
512 3524 790 3594 Stephano
831 3533 1008 3591 flavin
1055 3541 1269 3585 vocetur
1293 3570 1309 3598 ,

294 3595 550 3655 salmasio
565 3614 624 3656 et
638 3602 879 3656 Berkelio
891 3606 1310 3662 defendentibus.

288 3702 359 3736 .·-
381 3679 561 3734 Nostri
590 3681 745 3750 Regii
771 3681 898 3737 dant
919 3687 1257 3755 Panopesque.

360 3775 439 3811 20.
474 3760 592 3811 Bos
625 3763 782 3811 stelit.
827 3758 1006 3815 Codex
1036 3764 1232 3833 Regius
1262 3765 1316 3820 A

298 3835 429 3887 male
444 3874 460 3902 ,
474 3841 718 3889 constitit
731 3851 748 3898 ,·
771 3836 898 3890 alter
911 3840 956 3892 B
970 3877 986 3905 ,
997 3846 1149 3893 stelit.
1163 3868 1231 3882 ——
1243 3842 1317 3894 ll-

294 3907 384 3962 lud
403 3916 495 3964 bos
518 3915 675 3964 steti!
690 3920 742 3963 et
746 3918 1009 3977 procubuit
1020 3919 1286 3970 exornavit
1298 3958 1314 3985 ‚

298 4005 473 4043 mores
481 3989 657 4042 boum
669 3991 955 4045 errantium
963 3991 1317 4047 describendo.

1384 1754 1582 1805 magno
1596 1753 1824 1790 numero
1838 1736 2216 1807 praelatumque
2237 1747 2315 1793 est
2334 1739 2399 1792 ab

1387 1815 1611 1868 Heinsio
1634 1826 1689 1869 et
1715 1813 2002 1869 Gebhardo
2023 1817 2243 1887 vulgatae
2280 1817 2399 1871 lect.

1384 1897 1680 1958 speciosam.
1718 1919 1787 1935 -—
1816 1893 1978 1945 Recte
2015 1894 2300 1961 Spatiosam
2338 1914 2402 1947 ex

1388 1965 1670 2022 codicibus
1695 1969 1886 2040 Regiis.
1903 1999 1972 2010 —
1992 1972 2277 2038 Spale‘osam
2290 2011 2303 2032 ,
2335 1970 2402 2024 la·

1385 2056 1512 2099 tam.
1536 2048 1665 2100 Mox
1688 2067 1840 2101 versu
1863 2050 1925 2103 56
1940 2087 1955 2115 ‚
1984 2054 2259 2114 spaltbsum
2278 2067 2404 2100 cor-
2425 2097 2436 2105 ,

1378 2143 1495 2191 pus,
1517 2136 1570 2178 et
1590 2145 1740 2179 versu
1760 2130 1846 2197 95,
1871 2132 2089 2193 spatium
2109 2129 2284 2178 hostes.
2304 2126 2405 2178 Bo·

1386 2221 1476 2255 ves
1501 2202 1722 2271 spatiosa
1744 2204 1918 2255 fronte
1937 2202 2134 2255 Graecis
2155 2202 2406 2256 dicuntur

1390 2283 1691 2350 ιῦρυμὲτωποι
1702 2319 1717 2345 ,
1744 2290 1796 2333 et
1806 2284 2164 2347 xlm-opimam·
2181 2280 2405 2335 Homer.

1389 2357 1443 2411 h.
1469 2359 1639 2411 Merc-
1667 2359 1779 2411 355.
1810 2357 1882 2410 11³
1909 2357 2093 2427 optimi
2129 2357 2404 2411 habeban-

1391 2445 1506 2489 tur:
1519 2437 1709 2488 Varro.
1727 2434 1791 2488 R.
1807 2434 1872 2488 R.
1891 2435 1971 2496 11,
2001 2439 2058 2501 53
2080 2434 2405 2502 Colum.V1,

1398 2534 1418 2567 1
1445 2553 1460 2581 ,
1496 2512 1585 2566 ubi
1615 2514 1772 2566 etiam
1797 2533 1987 2566 cornua
2002 2533 2214 2581 procero
2240 2523 2294 2566 et
2323 2534 2408 2566 m-

1391 2597 1541 2646 basIa
1553 2591 1671 2645 laud
1677 2602 1801 2645 antu
1807 2592 2205 2660 r.—M151'tibas,
2221 2591 2276 2643 in
2293 2610 2410 2644 ora-

1392 2668 1511 2722 culo
1549 2668 1806 2738 Apollinis
1848 2679 2063 2720 vocatur
2092 2708 2107 2732 ,
2163 2672 2365 2744 ε’ρίμυκος
2392 2707 2409 2735 ,

1393 2750 1546 2799 wide
1565 2752 1803 2814 magd-as.
1838 2773 1906 2786 —
1932 2748 2138 2812 Impelli
2156 2745 2411 2798 clamori-

1393 2825 1495 2879 bus
1514 2844 1542 2877 a
1563 2825 1730 2893 poetis
1754 2823 2003 2877 dicuntur
2021 2842 2128 2875 non
2147 2821 2307 2875 modo
2329 2842 2414 2876 au·

1395 2923 1481 2957 res
1501 2942 1516 2969 ,
1541 2901 1631 2958 sed
1658 2912 1712 2956 et
1731 2920 1898 2968 aura,
1923 2911 2131 2953 montes
2150 2911 2248 2953 etc.

1464 3001 1544 3032 υ.
1570 2981 1739 3047 Atque
1771 2985 1847 3031 ila
1868 3018 1882 3040 ‚
1919 2996 2025 3047 quo
2053 2977 2189 3029 sacto
2208 3015 2223 3043 ‚
2258 2987 2317 3030 ut
2352 2978 2411 3043 1,

1398 3059 1511 3126 377.
1524 3083 1594 3099 ·-
1609 3059 1839 3109 Comites.
1861 3057 2084 3108 Pausan.
2099 3059 2171 3108 τᾶν
2190 3061 2268 3108 σὺν
2291 3059 2415 3126 αὐτῷ

1399 3140 1583 3209 esaei».
1597 3162 1666 3174 -
1678 3137 1841 3186 Latus
1851 3174 1864 3195 ,
1884 3151 2072 3201 corpus
2085 3170 2101 3198 ,
2115 3135 2413 3195 submittere,

1400 3222 1520 3277 aut,
1542 3223 1604 3265 ut
1622 3211 1709 3276 11,
1734 3211 1859 3275 855,
1884 3212 2147 3277 deponere,
2179 3210 2418 3264 sormulae

1400 3289 1662 3343 solemnes
1684 3286 1750 3339 de
1776 3287 2170 3355 procumbente.
2197 3289 2260 3341 ln
2280 3306 2418 3340 orac.

1400 3376 1568 3423 κλίνην
1600 3373 1721 3435 γόνυ.
1753 3364 1928 3418 schol.
1966 3366 2128 3418 Hom.
2153 3366 2216 3417 ad
2249 3365 2308 3420 Il.
2345 3376 2379 3418 B
2402 3404 2418 3432 ,

1403 3448 1525 3517 494,
1543 3446 1772 3505 ἂλῆσασα
1786 3444 2008 3504 ἀναλίθη.
2023 3444 2246 3496 Pausan.
2264 3449 2414 3511 ἴμιλλε

1403 3536 1614 3593 καμοῦσα
1655 3526 1870 3578 &hisem-
1893 3593 1900 3599 ἱ
1927 3524 2148 3577 Pansan.
2194 3543 2242 3592 p.
2285 3525 2379 3595 733
2404 3564 2421 3589 ‚

1405 3613 1625 3667 narrat,
1648 3621 1745 3655 suo
1764 3601 1935 3654 adhuc
1956 3612 2191 3671 tempore
2218 3602 2424 3655 ostendi

1405 3682 1592 3740 locum
1603 3680 1688 3733 ubi
1704 3680 1796 3732 bos
1810 3680 2146 3749 procubuerit
2159 3718 2174 3744 ,
2187 3680 2239 3732 in
2255 3698 2425 3748 eoque

1407 3782 1520 3818 esse
1543 3779 1688 3814 aram
1714 3779 1835 3813 cum
1853 3760 2003 3829 signo
2028 3760 2315 3827 Minerva,
2337 3760 2426 3812 de·

1409 3841 1636 3894 dicatam
1661 3859 1690 3890 a
1715 3837 1936 3891 Cadmo.

1477 3919 1557 3983 24.
1585 3919 1953 3983 Peregn'naeque
1972 3919 2149 3967 oscula
2163 3922 2318 3968 terre.
2343 3912 2427 3965 De

1409 3994 1514 4047 hoc
1540 4011 1690 4045 more
1712 3990 1970 4045 salutandi
1995 4001 2157 4044 terras
2186 3987 2430 4059 peregri-

302 4091 364 4106 -
395 4069 699 4135 spatiosam
735 4065 924 4123 babent
964 4070 1078 4128 libri
1119 4081 1321 4127 veteres
1412 4089 1510 4126 nas
1529 4108 1545 4138 ,
1578 4089 1741 4140 quem
1763 4069 1901 4140 apud
1934 4078 2114 4138 poetas
2136 4065 2290 4135 prinei
2322 4064 2432 4116 ho-
