2975 4784
444 349 572 414 262

979 346 1058 410 P.
1124 344 1498 412 OVIDII
1554 344 2022 413 NASONIS

451 522 486 554 n
527 490 653 573 Et,
693 501 1015 586 qnantum
1046 503 1234 559 motu
1263 485 1543 560 formosi
1577 485 1882 586 suspicor
1916 483 2089 570 oris,

449 635 486 668 ι)
528 600 749 674 Verba
781 598 1016 686 refers,
1055 629 1244 675 aures
1276 629 1411 674 non
1445 602 1893 702 pervenientia
1927 617 2206 674 nostras.

444 753 481 786 2>
521 720 604 792 In
640 735 702 791 te
738 746 864 812 ego
899 746 1081 805 sum,
1116 719 1330 805 sensi;
1369 747 1491 793 nec
1524 748 1627 794 me
1660 747 1805 793 mea
1836 715 2009 791 fallit
2034 717 2254 812 imago
2291 746 2310 789 τ

445 871 484 905 n
524 840 705 911 Uror
739 866 960 912 amore
993 836 1121 910 mei
1145 865 1161 922 ς
1189 835 1480 910 flammas
1513 864 1880 936 moveoque
1913 835 2207 934 feroque.

449 985 486 1019 >›
524 952 711 1048 Quid
729 951 961 1025 faciam
977 953 1006 1023 ?
1024 977 1238 1045 roger,
1260 978 1429 1024 anne
1449 952 1725 1046 rogem?
1745 949 1904 1051 quid
1927 947 2164 1023 deinde
2180 947 2556 1044 rogabo?465

446 1102 484 1134 >v
526 1068 734 1164 Quod
766 1069 964 1169 cupio
993 1096 1250 1142 mecum
1276 1085 1410 1152 est,
1446 1068 1716 1167 inopem
1742 1094 1846 1140 me
1881 1065 2075 1165 copia
2104 1065 2279 1139 fecit.

448 1217 484 1247 >›
525 1185 589 1257 Ο
623 1185 877 1258 utinam
903 1201 1136 1258 nostro
1173 1183 1470 1258 secedere
1508 1212 1785 1284 corpore
1819 1184 2129 1283 possem!

450 1331 488 1365 n
525 1300 775 1374 Votum
796 1301 864 1373 in
880 1317 1135 1375 amante
1155 1327 1405 1374 novum
1422 1330 1439 1386 3
1458 1299 1714 1388 vellem,
1736 1298 1921 1401 quod
1946 1294 2544 1383 amamusahesset!

448 1446 486 1480 >›
525 1416 807 1515 Jamque
839 1415 1037 1490 dolor
1068 1415 1238 1489 vires
1274 1416 1543 1501 adimit;
1576 1444 1698 1491 nec
1733 1433 2037 1514 tempora
2069 1414 2218 1486 vitae

447 1562 486 1594 n
524 1531 756 1625 Longa
788 1558 946 1603 meae
980 1550 1327 1631 superant3
1363 1530 1710 1632 primoque
1743 1529 2133 1625 exstinguor
2161 1526 2234 1597 in
2265 1551 2396 1598 aevo
2417 1550 2434 1609 3
2459 1542 2549 1611 47⁰

449 1675 485 1707 κ
526 1646 666 1716 Nec
700 1644 863 1716 mihi
897 1672 1078 1718 mors
1110 1646 1325 1741 gravis
1350 1663 1450 1719 est
1480 1646 1792 1747 posituro
1828 1660 2039 1717 morte
2071 1639 2357 1714 dolores.

451 1793 489 1824 >›
531 1759 702 1846 Hie,
740 1759 854 1858 qui
889 1757 1219 1855 diligitur,
1258 1759 1488 1834 vellem
1523 1759 1908 1834 diuturnior
1941 1773 2153 1831 esset:

454 1909 489 1940 >2
531 1877 727 1947 Nunc
765 1874 900 1947 duo
937 1874 1299 1948 concordes
1332 1875 1547 1948 anima
1578 1876 1940 1949 moriemur
1973 1873 2044 1946 in
2073 1899 2225 1944 una.
2267 1903 2303 1934 »ι

543 1989 765 2077 Dixit,
804 2008 870 2063 et
900 1990 983 2063 ad
1020 1990 1248 2064 faciem
1275 1990 1474 2064 rediit
1506 1988 1877 2064 malesanus
1914 1985 2208 2061 eamdem
2236 2012 2254 2072 ;

441 2106 534 2176 Et
567 2103 852 2178 lacrimis
886 2105 1181 2178 turbavit
1211 2134 1452 2206 aquas;
1493 2107 1912 2205 obscuraque
1945 2118 2131 2175 moto

2466 2112 2552 2184 47⁵

443 2222 731 2296 Reddita
770 2222 984 2295 forma
1017 2222 1165 2296 lacu
1199 2240 1345 2296 est-z
1377 2251 1576 2323 quam
1611 2251 1817 2323 quum
1850 2220 2128 2293 vidisset
2164 2216 2347 2290 abire
2370 2270 2389 2302 ‚

442 2410 635 2463 blande
659 2431 713 2463 se
738 2410 963 2463 invicem
988 2411 1256 2465 intuentes
1283 2411 1459 2465 oculos

444 2498 663 2541 movent
683 2526 698 2553 ‚
724 2506 885 2557 osque
909 2487 1166 2544 diducunt
1192 2488 1255 2542 ad
1279 2490 1462 2543 subri-

448 2565 684 2618 dendum
707 2605 721 2632 ,
762 2564 957 2618 Grecis
990 2577 1067 2619 est
1095 2570 1462 2641 σκαρδαμυγμός.

447 2641 556 2694 Sed
580 2641 633 2694 h.
653 2642 683 2694 Ι.
706 2660 816 2694 non
841 2642 938 2695 nisi
961 2641 1026 2695 ad
1052 2643 1324 2696 oculorum
1349 2663 1467 2696 mo-

446 2729 561 2772 tum
588 2719 857 2773 retulerim
878 2758 893 2783 ,
917 2719 1040 2788 quia
1056 2725 1190 2773 νίκη
1204 2721 1310 2787 iam
1329 2740 1466 2789 prae-

445 2800 610 2854 cessit.
634 2801 793 2853 Forte
817 2809 997 2853 tamen
1020 2809 1227 2868 prestat
1250 2819 1311 2852 ex
1334 2800 1463 2868 plu-

445 2880 591 2932 rimis
613 2887 749 2934 nula.
785 2879 886 2945 IV,
911 2879 977 2932 63
1013 2899 1025 2933 :
1055 2886 1178 2930 nutu
1212 2884 1466 2948 signe'sque

445 2961 720 3023 loquuntur.
748 2957 863 3009 Art.
898 2955 1074 3009 Amat.
1099 2954 1125 3007 1
1154 2994 1169 3022 ,
1202 2955 1293 3008 138
1317 2974 1330 3006 :
1358 2958 1464 3009 Nec

446 3038 546 3085 tibi
564 3053 660 3099 pet
693 3040 843 3086 aulus
877 3035 1174 3100 accfflenda
1210 3039 1333 3085 nola
1371 3040 1463 3085 est.

447 3109 527 3163 Ibi
542 3128 750 3178 quoque
766 3130 876 3163 non
894 3110 993 3163 nisi
1007 3129 1144 3162 unus
1159 3115 1325 3163 nictus
1338 3127 1463 3177 prae·

444 3188 562 3242 sert.
577 3215 644 3225 -
664 3190 1008 3242 Pervenit-ntia
1027 3208 1173 3242 aures
1186 3229 1200 3250 ‚
1233 3186 1462 3257 intellige

448 3270 532 3319 ad.
562 3266 712 3334 Saepe
734 3266 964 3320 Homer.
998 3271 1075 3329 ἧκε
1091 3273 1217 3322 τίλιν
1234 3307 1249 3333 ,
1274 3266 1464 3320 omisso

453 3353 543 3408 ιίςς
571 3345 713 3415 quod
736 3345 923 3399 imitati
946 3357 1071 3400 sunt
1095 3347 1286 3401 Latini.

515 3423 624 3490 463.
645 3428 708 3478 In
728 3433 778 3477 le
798 3444 888 3491 ego
908 3443 1031 3478 sum.
1062 3424 1235 3494 Vulgo
1258 3427 1353 3477 Ille
1375 3434 1465 3478 aut

448 3502 557 3567 ipse
577 3520 666 3567 ego
686 3521 810 3554 sum.
845 3499 951 3554 Sed
979 3499 1229 3553 Heinsius
1254 3521 1314 3554 ex
1338 3501 1460 3553 Me-

453 3576 621 3642 dice0,
637 3581 699 3629 In
720 3576 1092 3632 te.—Codices
1107 3578 1272 3631 nostri
1293 3579 1462 3646 Regii,

450 3662 560 3712 isle.
584 3683 650 3696 --
672 3659 736 3710 In
762 3666 810 3711 te
832 3679 923 3726 ego
941 3676 1050 3711 sum
1073 3666 1170 3709 etc.
1194 3657 1465 3711 Hactenus

448 3751 612 3787 error.
665 3733 745 3785 Eo
788 3733 1055 3803 expeditus
1095 3733 1362 3787 Narcissus
1409 3734 1463 3789 in

450 3812 869 3882 desperationem
900 3814 1122 3866 vertitur
1143 3851 1157 3877 ,
1196 3814 1345 3881 cujus
1368 3832 1465 3865 au-

454 3899 562 3943 tem
595 3888 701 3941 vim
733 3907 843 3942 non
868 3890 1001 3942 bene
1028 3888 1273 3959 expressit
1295 3899 1461 3959 poeta.

454 3967 707 4021 Alienum
733 3966 796 4019 ab
829 3985 889 4018 ea
913 3977 992 4020 est
1017 3984 1307 4040 oxymoron
1340 3971 1465 4018 ino-

439 4065 555 4113 pem
579 4067 655 4099 me
677 4049 825 4114 copia
833 4045 998 4114 fecit,
1039 4043 1237 4098 alienus
1263 4042 1346 4097 ille
1370 4043 1464 4095 lu-

444 4141 557 4191 sus,
585 4125 810 4181 Votum...
828 4127 1062 4192 σθαι-εκ
1084 4123 1328 4194 ineptum
1344 4140 1462 4176 acu·

1557 2430 1681 2465 meu
1699 2451 1715 2478 ‚
1740 2413 1845 2463 llic
1860 2450 1873 2468 .
1904 2410 2233 2477 que'de‘lige'tur
2247 2418 2343 2459 etc.
2360 2435 2426 2447 —
2443 2407 2568 2471 Quid

1557 2491 1736 2542 demde
1764 2506 1867 2555 mg.
1891 2497 1944 2539 et
1967 2486 2008 2538 si
2046 2504 2231 2555 rogare
2265 2483 2423 2548 libet,
2450 2481 2563 2552 quid

1561 2564 1774 2619 tandem
1792 2565 1986 2634 rogabo
2004 2563 2028 2616 ?
2047 2591 2115 2603 —-·
2129 2566 2329 2629 Inopem
2342 2582 2420 2615 me
2431 2564 2567 2626 copis

1547 2646 1696 2714 secli.
1725 2646 1989 2699 Ausonius
2016 2644 2081 2697 de
2102 2642 2344 2697 Narcisso
2371 2661 2384 2694 :
2409 2641 2566 2693 Sicu-

1553 2743 1698 2791 μα’.»-
1711 2726 1881 2778 alium.
1895 2740 2089 2790 posses,
2118 2722 2375 2777 Nar-celese,
2387 2720 2564 2785 potinu-

1561 2817 1694 2854 menc
1706 2804 2001 2854 tt‘be'amorz's
2021 2800 2170 2851 adest
2188 2801 2338 2864 copia
2356 2795 2570 2864 tsruclaes

1561 2884 1719 2934 abest.
1751 2879 2016 2948 Epigram.
2039 2881 2105 2951 95
2131 2887 2184 2936 et
2204 2877 2287 2948 96.
2311 2878 2411 2929 Ed.

1629 2960 1739 3025 470.
1768 2959 2032 3024 Super-ant,
2077 2964 2374 3025 supersunt.
2414 2950 2567 3023 Quod

1562 3035 1912 3105 virgilianum
1945 3043 2023 3087 est
2025 3073 2135 3089 .......
2174 3034 2479 3102 superatae,
2525 3037 2573 3084 e!

1560 3111 1910 3168 oekclluraura
1925 3118 1952 3157 Ρ
1964 3142 2031 3156 ·—·
2045 3117 2216 3168 Primo
2230 3133 2347 3168 em,
2359 3113 2568 3165 ineunte

1562 3202 1727 3246 aetate.
1750 3221 1819 3233 —
1841 3194 2034 3246 Anima
2050 3196 2106 3246 1‘11
2128 3211 2254 3248 una.
2290 3190 2420 3243 dum
2443 3206 2570 3242 unns

1561 3270 1792 3321 animam
1811 3268 2028 3322 exhalat.
2053 3268 2272 3321 Dictum
2303 3266 2406 3321 hoc
2427 3288 2456 3320 e
2476 3284 2572 3318 ser·

1560 3365 1721 3399 mone
1746 3347 1947 3399 intime
1970 3345 2329 3400 familiaritatis
2345 3345 2439 3398 sibi
2461 3344 2573 3396 vin-

1561 3421 1779 3478 dicantis
1818 3423 2026 3478 alterius
2060 3433 2279 3478 sortem.
2328 3422 2429 3490 lv,
2455 3421 2568 3479 108³

1562 3502 1642 3556 lx
1659 3542 1674 3568 ,
1700 3502 1826 3566 388;
1850 3503 1958 3556 XII
1973 3542 1989 3569 ‚
2014 3519 2124 3574 ²²9·
2144 3500 2252 3554 Sed
2271 3501 2334 3554 ab
2349 3498 2572 3553 hocloco

1562 3579 1792 3633 alienum
1808 3589 1902 3646 est,
1922 3580 2043 3648 quia
2057 3579 2328 3633 Narcissus
2345 3581 2450 3648 jam
2466 3595 2574 3632 sen·

1560 3667 1715 3725 serat,
1729 3657 1913 3710 umbra
1934 3673 2025 3711 sua
2046 3678 2102 3711 se
2121 3655 2570 3711 ardere.—Malim

1561 3735 1810 3804 explicare
1839 3754 1948 3788 non
1974 3733 2043 3788 illi
2081 3736 2323 3789 animum
2347 3733 2565 3797 mutari,

1559 3812 1679 3866 licet
1705 3831 1940 3866 errorem
1967 3814 2251 3882 agnoverit.

1624 3892 1737 3959 474.
1753 3892 2074 3952 Malas-anus,
2099 3891 2314 3943 insanus
2326 3928 2342 3956 ,
2359 3888 2438 3941 vel
2452 3885 2568 3956 quia

1558 3965 1761 4021 redibat
1797 3968 1861 4021 ad
1904 3987 2092 4038 aquam
2135 3986 2251 4037 quoe
2288 3965 2561 4020 renovabat

1560 4045 1763 4100 dolores
1776 4087 1791 4113 ‚
1810 4047 1890 4100 vel
1911 4059 2126 4118 propter
2140 4066 2378 4100 amorem
2399 4044 2489 4099 sui.
2503 4067 2566 4081 --

1559 4125 1826 4196 lac-tynum·
1858 4125 2222 4180 incredibilem
2246 4124 2429 4179 tribuit
2449 4120 2559 4174 vim.
