2975 4784
655 418 1704 490 METAMORPHOSEON
1749 421 1939 488 LIB.
1989 423 2126 490 VI.

2326 421 2461 515 439

338 562 529 636 Heu!
567 577 886 661 quantum
919 558 1059 634 haec
1093 557 1313 632 Niobe
1347 555 1574 630 Niobe
1610 554 1896 638 distabat
1929 558 2011 632 ab
2047 557 2155 633 illa
2182 614 2201 646 ,

341 678 511 772 Quae
542 674 746 749 modo
778 673 1008 750 Latois
1039 671 1369 775 populum
1394 672 1823 750 submoverat
1855 672 1985 747 aris
2007 729 2027 760 ,

341 794 434 865 Et
467 791 746 865 mediam
782 789 1024 866 tulerat
1054 817 1319 886 gressus
1351 788 1662 888 resupina
1695 814 1818 888 per
1840 787 2114 877 urbem',
2365 810 2462 880 275

346 905 682 980 Invidiosa
715 904 886 992 suis3
927 921 996 978 at
1026 932 1204 979 nunc
1242 903 1611 978 miseranda
1643 901 1746 978 vel
1779 902 1961 976 hosti
1982 958 2003 990 ,

225 1005 230 1012 ’
343 1023 768 1123 corporibus
803 1021 1037 1117 gelidis
1067 1021 1439 1108 incumbin
1473 1039 1541 1098 et
1571 1020 1811 1098 ordina
1834 1017 2022 1093 nuno
2120 1116 2131 1124 ὓ

347 1138 599 1212 Oscula
633 1137 973 1239 dispensat
1005 1156 1199 1215 natos
1234 1165 1541 1239 suprema
1573 1165 1695 1238 per
1725 1163 1977 1220 omnes.

344 1254 408 1327 A
441 1254 688 1354 quibus
721 1254 804 1329 ad
838 1254 1067 1332 caelum
1096 1254 1364 1334 liventia
1389 1253 1662 1338 brachia
1695 1252 1971 1332 tendens
1995 1305 2015 1338 ‚

348 1404 383 1435 «
428 1372 741 1461 Pascere,
778 1371 1097 1460 crudelis,
1133 1388 1405 1459 nostro,
1450 1373 1746 1457 Latona,
1783 1368 2050 1455 dolore,

2379 1389 2475 1442 280

347 1519 383 1551 »
428 1486 738 1585 [Pascere
759 1543 778 1575 ,
814 1489 938 1576 ait,
975 1487 1272 1589 satiaque
1305 1515 1456 1564 meo
1494 1504 1606 1564 tua
1634 1505 1905 1588 pectora
1940 1483 2211 1581 luem]

348 1634 384 1666 »
428 1602 689 1702 Corque
723 1601 938 1682 ferum
972 1604 1173 1690 satia,
1212 1602 1420 1680 dixit:
1449 1630 1573 1704 per
1604 1601 1835 1678 funera
1874 1618 2127 1704 septem

347 1752 383 1783 »
424 1718 689 1794 Efferor
721 1749 737 1793 z
767 1719 1024 1798 exsulta
1040 1775 1060 1807 ‚
1092 1719 1462 1820 victrixque
1495 1719 1759 1794 inimica
1790 1707 2146 1819 triumpha.

347 1868 383 1901 »
427 1836 566 1910 Cur
596 1854 815 1912 autem
848 1836 1131 1914 victrix?
1158 1835 1412 1914 misere
1444 1835 1610 1912 mihi
1640 1835 1836 1937 plura
1867 1851 2227 1937 supersunt
2254 1889 2275 1922 ,

250 2003 264 2015 ·
354 1986 388 2016 ι»
430 1953 653 2049 Quam
693 1953 819 2026 tibi
850 1951 1023 2032 felici
1053 1983 1068 2026 :
1098 1969 1260 2053 post
1287 1968 1389 2026 tot
1421 1980 1690 2055 quoque
1715 1953 1948 2032 funera
1982 1954 2196 2030 vinco.
2232 1986 2268 2016 »ι
2374 1970 2473 2026 285

347 2069 620 2145 Dixerat
648 2099 663 2145 :
691 2070 996 2152 insonuit
1020 2086 1334 2148 contento
1365 2096 1608 2146 nervus
1636 2070 1721 2150 ab
1757 2098 1947 2156 arcu3

413 2247 526 2316 ²73·
549 2250 679 2301 Hac
693 2249 853 2302 Niobe
867 2289 880 2311 ,
916 2247 1060 2317 quasi
1076 2247 1174 2301 alia
1193 2259 1359 2313 esset,·

346 2323 561 2379 AEneid.
597 2326 688 2392 11,
721 2329 846 2394 274,
880 2334 1117 2395 quantum
1139 2333 1362 2384 mutatus

341 2408 411 2457 ab
432 2406 525 2455 e'llo
546 2404 776 2456 Hectore.
789 2404 1043 2474 Magnam
1060 2414 1236 2458 autem
1252 2405 1358 2458 vim

342 2481 499 2535 habet
541 2480 772 2550 pristina
794 2493 848 2536 et
883 2482 1150 2551 pruentia
1192 2483 1360 2536 sortu-

342 2578 425 2613 ιιι
446 2559 781 2629 comparatio.
804 2560 1045 2614 Pristina
1058 2560 1358 2631 repetenda

341 2636 668 2690 immoratur.
702 2665 770 2677 -
801 2639 1076 2706 Resupina.
1116 2637 1254 2692 Vide
1290 2637 1356 2691 ad

339 2733 550 2768 versum
579 2716 685 2788 169.
708 2743 775 2756 -
796 2718 1084 2782 baillos&
1112 2735 1278 2785 quum
1299 2717 1356 2770 in

337 2811 544 2847 summa
566 2805 742 2847 nostra
765 2794 1007 2849 felicitate
1045 2795 1205 2852 etiam
1229 2815 1359 2850 nos-

339 2872 407 2925 tri
428 2867 599 2925 dicere
615 2872 846 2938 soleant,
869 2873 1090 2927 Invideo
1104 2873 1198 2927 tibi
1219 2872 1356 2927 hanc

338 2960 551 3003 sortem.
575 2976 643 2989 -
664 2950 1061 3016 De'spensanlum
1107 2969 1222 3020 que
1258 2969 1354 3019 per

341 3038 514 3097 partos
536 3044 595 3079 ac
617 3026 752 3080 vices
770 3025 906 3080 fiunt
920 3067 936 3094 ‚
959 3047 1069 3081 non
1098 3048 1208 3082 uno
1229 3048 1354 3082 mo-

344 3114 546 3159 mento.
590 3105 777 3158 Horat.
801 3107 827 3159 l
848 3146 863 3172 ‚
911 3105 1019 3160 od.
1053 3121 1222 3161 xxxvl
1242 3147 1257 3174 ,
1282 3107 1318 3160 ὅ
1336 3147 1353 3176 ,

342 3187 563 3238 dividere
575 3185 766 3236 oscula.

413 3261 666 3314 280-282.
696 3262 937 3322 Pasce-re,
976 3270 1073 3314 etc.
1105 3257 1357 3317 Heinsius

344 3339 547 3394 censuit
603 3337 897 3392 tollendum
957 3357 1169 3392 versum
1224 3341 1318 3392 282
1337 3378 1353 3406 ,

343 3435 504 3485 quem
524 3417 814 3472 commenti
847 3416 979 3484 sint,
1009 3416 1098 3485 qui
1128 3434 1238 3468 non
1261 3416 1356 3468 in—

342 3496 635 3549 tellexerint
647 3535 663 3563 ‚
684 3505 942 3566 quantum
957 3495 1089 3548 es'set
1105 3492 1358 3548 acuminis

340 3574 396 3625 in
413 3572 501 3626 illo
518 3612 533 3638 ,
555 3573 801 3641 Essemr5
827 3583 916 3626 aut
939 3613 953 3638 ,
980 3572 1022 3626 si
1045 3572 1162 3644 quis
1180 3571 1354 3637 malit,

339 3667 488 3719 posse
511 3650 896 3719 praecedentem
919 3649 1097 3703 deleri.
1111 3650 1220 3705 Pro
1240 3667 1356 3719 pos-

341 3725 537 3780 teriore
566 3726 683 3780 aiii:
709 3730 980 3800 Dunepars
998 3729 1346 3796 noslraejacet,

286 3801 292 3806 ’
337 3811 393 3858 e!
411 3807 528 3857 dum
542 3825 638 3872 per
633 3806 829 3874 sunem
848 3813 1035 3874 septem
1050 3847 1064 3868 ‚
1092 3807 1355 3860 autetiam

339 3893 626 3951 utrumque
637 3901 759 3935 cum
775 3883 945 3953 aliqua
956 3884 1206 3939 varietate
1219 3883 1356 3939 exhi*

341 3962 488 4014 bent-
515 3955 759 4030 Caposer.
775 3967 984 4028 pectora
1005 3971 1174 4017 mutat
1194 3963 1250 4015 in
1272 3965 1356 4017 Iu·-

344 4045 483 4092 mina
520 4047 575 4092 et
612 4042 749 4093 dlaeit
779 4039 838 4092 in
875 4044 999 4094 αἴτι’.
1040 4042 1149 4094 Pro
1186 4043 1357 4095 dolone

347 4117 686 4170 Burmannus
707 4156 722 4182 ,
751 4136 874 4170 cum
899 4135 1012 4172 uno
1033 4118 1277 4174 Leidensi
1300 4129 1354 4174 et

349 4194 622 4262 Mediceo,
650 4195 854 4264 mallet,
885 4209 1078 4260 emate,
1112 4197 1234 4266 quia
1257 4217 1353 4253 se-

1458 2247 1640 2316 quitur
1659 2249 1812 2300 luctu.
1830 2273 1898 2287 -
1914 2244 1980 2300 ln
1994 2244 2171 2300 codice
2195 2245 2364 2316 Regio
2387 2245 2429 2298 A
2453 2286 2467 2311 ‚

1455 2326 1541 2382 hic
1564 2323 1742 2380 versus
1766 2326 1861 2380 282
1890 2324 2083 2396 legitur
2103 2326 2214 2386 sine
2238 2324 2348 2378 ullo
2372 2325 2469 2380 in-

1457 2401 1706 2464 tervallo;
1746 2401 1803 2455 in
1825 2385 2001 2455 codice
2032 2401 2077 2454 B
2099 2440 2114 2467 ,
2159 2399 2223 2454 ad
2264 2400 2470 2470 margi-

1454 2499 1581 2533 nem
1598 2518 1612 2545 ,
1661 2498 1691 2532 a
1735 2478 1963 2533 secunda
1998 2498 2163 2531 manu
2201 2479 2471 2532 restitutus

1439 2567 1558 2622 ωας
1588 2567 1640 2611 et
1684 2556 1815 2610 mihi
1849 2556 2207 2627 garrulitatem
2239 2555 2470 2610 ovidia-

1453 2653 1581 2689 nam
1603 2653 1783 2705 sapere
1806 2634 2030 2688 videtur.
2055 2632 2220 2703 Quod
2244 2632 2311 2688 ad
2330 2652 2467 2698 pec-

1452 2720 1593 2775 lom,
1625 2723 1678 2768 et
1701 2712 1765 2766 ad
1789 2716 1925 2766 dixit
1944 2716 2215 2775 ethlom,
2245 2711 2469 2766 Codices

1453 2793 1620 2847 nostri
1645 2793 1775 2846 nihil
1798 2802 2024 2848 mutant.
2054 2789 2468 2847 E1.—-Certum

1452 2880 1530 2923 est
1550 2910 1564 2937 ,
1598 2888 1709 2940 non
1748 2883 1894 2939 posse
1929 2881 2215 2939 utrumque
2257 2887 2469 2922 versum

1443 2951 1692 3010 Poscere,
1738 2954 1847 3009 aee'l.
1874 2957 1927 3001 et
1958 2949 2147 3017 Corque
2162 2958 2260 3002 etc.
2284 2948 2473 3017 genui-

1447 3045 1584 3080 num
1598 3045 1725 3081 esse.
1742 3027 1995 3082 Heinsius
2014 3028 2361 3100 posteriorem
2376 3043 2469 3079 un-

1449 3106 1521 3159 cis
1547 3106 1785 3173 inclusit,
1814 3125 1913 3177 ego
1940 3107 2172 3176 priorem
2190 3145 2205 3173 ,
2232 3106 2353 3175 quia
2378 3105 2468 3157 ille

1452 3186 1713 3253 acerbior,
1750 3197 1803 3240 et
1827 3188 1947 3256 qnia
1969 3183 2155 3255 efferor
2170 3186 2364 3257 (sensu
2384 3186 2474 3237 su-

1452 3263 1604 3315 nebri
1622 3260 1647 3331 )
1666 3303 1680 3328 ,
1705 3264 2081 3333 perspicuitatis
2104 3281 2256 3319 causa
2270 3304 2286 3330 ,
2309 3264 2467 3317 verba

1443 3333 1732 3408 perfunctis
1741 3349 1927 3409 septem
1940 3342 2180 3411 postulat.
2196 3339 2468 3395 Ceterum

1442 3422 1604 3484 pasce·
1624 3426 1677 3471 et
1698 3417 1869 3485 strum
1903 3419 1977 3474 sic
2011 3418 2285 3488 coniunxit
2307 3418 2465 3490 etiam

1456 3494 1729 3560 claudian.
1748 3495 1908 3551 xxu
1932 3537 1947 3564 ,
1978 3500 2068 3564 14,
2095 3493 2183 3566 ubi
2203 3495 2317 3547 Dea
2335 3492 2469 3547 Cle-

1451 3573 1652 3625 mentia
1672 3571 1826 3627 docet
1840 3614 1855 3641 ,
1878 3578 2109 3642 utpene's
2120 3575 2370 3625 hominm
2387 3574 2475 3623 vel

1449 3657 1696 3720 sanguine
1700 3658 1860 3720 pasci
1872 3654 2035 3728 Turpe
2034 3651 2301 3720 femurque
2305 3657 2472 3717 pules.

1449 3755 1518 3768 -
1559 3731 1880 3798 Ve‘cln'aqae:
1924 3729 2031 3781 voti
2070 3745 2284 3796 compos
2306 3744 2319 3778 t
2344 3725 2471 3782 hinc

1452 3815 1630 3876 autem
1658 3806 1812 3860 stulta
1832 3805 2028 3860 Niobes
2046 3803 2287 3886 superbia
2309 3804 2465 3858 colli-

1451 3884 1609 3954 gitur,
1621 3903 1735 3955 quoe
1750 3905 1819 3939 ne
1838 3885 2067 3938 filiorum
2086 3881 2299 3954 quidem
2318 3899 2467 3937 rnor-

1443 3973 1503 4016 ¹te
1528 3962 1583 4015 in
1608 3961 1751 4017 Deos
1788 3961 2063 4016 maledicta
2099 3963 2289 4031 iactare
2318 3962 2469 4018 desi-

1445 4051 1557 4094 nat.
1584 4043 1682 4094 Ed.

1516 4119 1626 4171 286.
1651 4120 1820 4172 Arcus
1834 4157 1846 4180 .
1868 4135 2060 4189 nempe
2078 4118 2295 4185 Diana,
2314 4136 2343 4169 a
2364 4132 2469 4182 qua

1449 4197 1588 4253 srlias
1603 4199 1902 4254 intersectas
1922 4219 2030 4256 esse
2052 4198 2227 4255 ceteri
2240 4204 2479 4249 auctores
