2975 4784
688 427 1772 500 METAMORPHOSEON
1825 433 2024 500 LIB.
2084 436 2144 502 1.

2400 445 2490 528 99'

344 563 609 658 Retulit
638 565 993 665 antiquas;
1027 563 1270 666 partim
1302 587 1475 639 nova
1506 582 1807 640 monstra
1836 567 2100 641 creavit.

344 683 470 760 Illa
503 682 776 785 quidem
806 679 1055 769 nollet,
1091 680 1211 755 sed
1246 698 1308 755 te
1346 710 1657 783 quoqne,
1693 684 1969 757 maxime
2003 685 2307 787 Python,

346 801 522 873 Tum
560 797 824 895 genuit;
868 795 1271 898 populisque
1306 795 1539 885 novis,
1570 796 1911 893 incognita
1944 826 2245 899 serpens,

348 916 600 989 Terror
633 940 821 988 eras:
855 928 1114 985 tantum
1152 910 1353 1012 spatii
1389 909 1472 984 de
1501 930 1729 986 monte
1762 913 2068 987 tenebas!

2393 933 2494 1005 440

352 1031 553 1104 Hanc
588 1030 781 1103 Deus
816 1026 1215 1114 arcitenens,
1252 1044 1321 1101 et
1351 1055 1695 1129 nunquam
1733 1026 1979 1102 talibus
2013 1029 2212 1103 armis

351 1149 568 1234 Ante,
600 1144 734 1218 nisi
765 1144 836 1217 in
870 1144 1083 1218 damis
1115 1143 1501 1245 capreisque
1535 1143 1924 1240 fugacibus,
1964 1172 2169 1233 usus,

354 1260 549 1336 Mille
585 1287 847 1357 gravem
883 1256 1066 1348 telis,
1102 1259 1419 1334 exhausta
1446 1287 1642 1360 poene
1676 1260 1984 1362 pharetra
2007 1317 2026 1347 ,

352 1376 692 1464 Perdidit,
735 1373 949 1450 effuso
985 1403 1106 1476 per
1137 1376 1415 1450 vulnera
1442 1377 1635 1472 nigra
1665 1404 1940 1451 veneno.

418 1557 535 1629 ⁴37.
569 1556 797 1616 Retulit.
837 1555 1036 1607 iterum
1071 1553 1280 1608 creavit.
1314 1580 1384 1594 —

359 1635 616 1694 Hom-tra,
631 1637 797 1709 εἰμι-α
807 1672 821 1698 ,
837 1630 1088 1685 dicuntur
1099 1670 1114 1698 ,
1130 1640 1190 1684 ut
1199 1650 1384 1686 omnes

356 1732 442 1767 res
464 1710 716 1765 inaudita
739 1722 791 1764 et
812 1710 962 1764 mim
984 1750 1000 1777 ,
1035 1709 1107 1763 ita
1130 1709 1290 1763 etiam
1307 1710 1382 1764 se·

356 1808 433 1844 re
448 1787 722 1843 terribiles.
739 1788 946 1841 Lucret.
970 1786 1022 1839 d.
1048 1787 1081 1840 l.
1096 1806 1109 1841 :
1123 1789 1386 1857 Nullaque

355 1875 463 1922 lum
489 1868 666 1919 Tellus
674 1870 823 1917 emm
832 1870 1070 1932 portenta
1090 1883 1260 1917 creare
1283 1866 1386 1917 Co-

357 1952 485 1999 nalae
501 1951 597 1997 csl.
622 1943 799 1996 Etiam
819 1940 957 2012 apud
980 1941 1169 1995 Horat.
1185 1943 1211 1996 Ι
1230 1981 1247 2009 ,
1274 1939 1383 1997 Od.

361 2038 405 2075 ιι
420 2062 437 2090 ,
455 2023 489 2076 6
514 2037 677 2075 :noea
699 2027 936 2073 monstra.
955 2046 1022 2058 —
1040 2019 1282 2072 Monstra
1307 2017 1386 2071 di-

363 2111 555 2154 cuntur
578 2100 740 2153 etiarn
776 2099 1058 2166 ἆτυχῆματα
1090 2116 1102 2149 :
1128 2108 1383 2167 tanquam

368 2199 451 2233 res
466 2197 616 2231 novt
629 2217 646 2242 ,
663 2188 714 2231 et
733 2177 844 2230 sine
863 2193 1011 2227 more
1034 2185 1385 2228 occurrentes.

434 2256 549 2321 438.
580 2257 758 2308 Nollet.
793 2253 1001 2322 Nempe
1025 2252 1136 2306 sine
1168 2271 1262 2305 sua
1289 2271 1388 2304 vo-

367 2331 570 2386 luntate
587 2369 604 2398 ,
637 2329 903 2385 elementis
927 2331 997 2383 ita
1017 2330 1353 2399 operantibus
1366 2369 1385 2398 ,

365 2411 465 2466 hoc
476 2419 785 2481 portentum
798 2417 1089 2479 pepererat.
1103 2409 1386 2478 -Pythom

366 2490 413 2545 A
439 2496 599 2550 κύθε-ς
625 2488 964 2542 exhalationis
982 2487 1128 2541 enim
1151 2486 1391 2556 putredi-

363 2591 485 2625 nem
521 2590 551 2624 a
590 2568 788 2622 diluvio
828 2585 1043 2638 gravem
1073 2566 1165 2621 Sol
1211 2564 1391 2619 radio-

363 2668 481 2704 rum
501 2688 518 2716 ‚
547 2659 805 2716 tanquam
825 2646 1131 2715 sagittarum
1148 2685 1165 2713 ‚
1190 2645 1297 2698 ictu
1319 2654 1391 2699 at-

364 2727 602 2784 tenuavit
629 2725 1021 2795 exsiccavitque.
1046 2727 1147 2779 Ed.
1179 2753 1247 2765 —
1271 2726 1391 2797 17-

365 2812 565 2863 ilonea
590 2810 726 2860 hm
749 2806 976 2860 Homer.
993 2803 1044 2858 h.
1063 2803 1237 2875 Apoll.
1257 2822 1392 2857 vers.

367 2887 458 2942 302
474 2927 491 2955 ,
517 2895 677 2939 vocat
699 2888 952 2960 goerpqe'oe,
988 2886 1190 2952 μεγάλην
1209 2922 1226 2948 ,
1264 2905 1394 2953 repete

368 2971 555 3044 ἔγριονς
590 2962 765 3035 Apoll.
790 2960 894 3017 Rh.
919 2973 1097 3016 autem
1124 2962 1180 3016 ll
1199 3001 1215 3028 ‚
1257 2960 1353 3030 708
1372 2999 1389 3023 ,

373 3049 590 3116 ἢλξύνην
601 3044 818 3117 ‘deiferi'
832 3080 849 3106 ‚
876 3038 1015 3108 quod
1031 3037 1319 3109 spanhem.
1335 3037 1393 3090 iu

375 3129 582 3194 &lydus
593 3117 913 3173 mutandum
927 3127 1105 3170 censet
1117 3136 1179 3169 ex
1193 3115 1395 3170 thets.

375 3199 441 3254 ad
462 3197 722 3273 Lycophr.
747 3218 797 3268 p.
814 3198 896 3264 43.
914 3195 1047 3251 lnde
1066 3195 1259 3265 Apollo
1282 3194 1398 3248 dic-

374 3291 459 3334 tus
489 3279 724 3333 creditur
768 3282 1004 3346 δελφῖνας.

436 3359 552 3433 439.
561 3361 830 3426 Inco5m'la
840 3352 1159 3409 femininum
1171 3349 1399 3422 praetulit

370 3438 558 3491 Burm.
586 3435 708 3506 quia
734 3432 910 3488 Schol.
933 3430 1177 3502 Apollon.
1204 3428 1268 3482 ad
1305 3430 1394 3496 11,

371 3517 501 3590 708,
528 3512 692 3568 tradit
709 3552 724 3579 ,
757 3511 1188 3565 bancdracenam
1204 3506 1398 3561 dictam

369 3615 480 3649 esse
519 3597 740 3665 delfi-ew
779 3609 972 3662 genere
1017 3588 1294 3641 feminino.
1332 3614 1401 3630 --

368 3675 645 3741 Incognita
666 3670 864 3724 habent
898 3670 1157 3724 Bemens.
1182 3665 1400 3736 Neapol-

369 3762 426 3806 et
440 3751 628 3804 decem
645 3749 745 3802 alii.
764 3746 945 3802 Ceteri
960 3787 976 3814 ‚
999 3749 1267 3813 incognite.

437 3830 555 3895 440.
587 3828 805 3880 Taeaelnn
825 3830 997 3892 spatii.
1014 3823 1172 3893 Apud
1191 3820 1400 3876 Gallim.

370 3927 509 3962 vers.
530 3907 615 3980 93,
636 3908 930 3961 Parnasum
954 3904 1184 3976 implicat
1206 3921 1401 3957 novem

365 3985 589 4040 orbibus
605 4025 621 4051 ,
643 3996 699 4039 et
720 3982 859 4056 apud
879 3982 1107 4037 Statium
1120 4022 1139 4049 ,
1154 3981 1325 4036 Theb.
1342 3983 1398 4048 1,

368 4065 812 4134 563,imerrectu2
822 4061 1273 4132 occupaupatium
1283 4077 1401 4113 cen·

369 4154 491 4196 tum
514 4143 787 4212 iugerum.
807 4167 878 4179 —-
901 4142 982 4192 De
999 4145 1167 4193 monle
1188 4136 1399 4203 maluit,

368 4237 535 4289 quam
548 4223 769 4282 montis,
804 4225 865 4269 ut
877 4233 1156 4270 concursus
1171 4214 1400 4269 duorum

1476 1552 1849 1609 Genitivorum
1864 1554 2133 1609 vitaretur.
2143 1555 2303 1609 -De
2315 1562 2497 1620 nonde,

1479 1633 1773 1687 Parnasum
1798 1645 2038 1686 montem
2057 1633 2296 1699 tenebat,
2322 1634 2499 1703 ibique

1478 1711 1560 1764 vel
1591 1710 1798 1766 oracula
1834 1710 2053 1779 edebat,
2094 1710 2176 1763 vel
2207 1710 2501 1766 secundum

1478 1788 1786 1859 Apollodor.
1821 1790 2092 1844 oraculum
2133 1787 2456 1844 custodiebat
2484 1808 2500 1844 ε

1476 1885 1604 1919 nam
1639 1864 1892 1921 dracones
1921 1885 2056 1937 sepe
2080 1867 2322 1923 custodes
2355 1869 2501 1923 loco-

1476 1963 1601 1997 rum
1622 1955 1790 1998 erant.
1817 1943 1938 1998 vid.
1964 1943 2030 1997 ad
2055 1946 2139 2000 111
2160 1985 2178 2013 ,
2203 1947 2283 2001 31.
2311 1948 2382 2001 Et
2407 1948 2502 2001 tri-

1478 2022 1641 2093 podes
1657 2023 1710 2076 in
1727 2023 1960 2076 nummis
1975 2023 2126 2075 multi
2140 2024 2506 2078 circumvoluti

1478 2100 1793 2153 draconibus
1812 2099 2235 2169 conspiciuntur,
2258 2101 2380 2169 quia
2394 2100 2509 2152 dra·

1481 2196 1546 2230 co
1573 2189 1754 2247 aptum
1780 2177 1843 2230 ad
1870 2177 2057 2245 auguri
2081 2195 2109 2227 a
2130 2176 2340 2230 animal.
2367 2176 2507 2231 vide

1482 2253 1774 2325 spanhem.
1794 2253 1858 2306 ad
1884 2253 2190 2307 Callimachi
2212 2254 2264 2307 h.
2285 2254 2406 2307 Del.
2422 2276 2507 2328 9⁸·

1548 2336 1663 2402 441.
1713 2337 1881 2388 Hanc.
1924 2331 2142 2388 Obrect.
2180 2331 2316 2387 cod.
2342 2334 2470 2387 8001
2489 2373 2508 2402 ‚

1481 2411 1618 2465 hunc
1630 2453 1644 2472 ‚
1669 2411 1739 2466 ita
1756 2422 1814 2464 ut
1830 2412 2090 2464 referatur
2102 2410 2166 2463 ad
2181 2411 2506 2483 Pythonem,

1484 2509 1646 2561 quem
1676 2508 1831 2558 supra
1863 2488 2153 2542 masculino
2186 2509 2380 2560 genere
2410 2510 2510 2560 po-

1484 2572 1603 2626 suit.
1617 2572 2017 2631 —Arce‘lcnens,
2043 2569 2235 2639 Apollo
2249 2575 2481 2647 rog'ofo'pos
2491 2610 2508 2638 ‚

1484 2654 1672 2718 τοξὸτης
1687 2687 1702 2714 ,
1719 2668 1905 2719 preses
1918 2647 2306 2719 sagittariorum
2321 2660 2372 2702 et
2389 2667 2511 2702 auc-

1486 2737 1572 2780 tor
1608 2725 1731 2780 artis
1754 2723 2030 2796 sagittandi
2058 2743 2073 2778 z
2110 2724 2231 2778 vide
2271 2725 2512 2778 Macrob.

1488 2804 1569 2860 Vl
1588 2846 1604 2872 ,
1620 2808 1667 2859 5.
1691 2805 1841 2858 Inter
1856 2804 2070 2856 Latinos
2085 2802 2296 2857 Navius
2312 2804 2512 2874 primus

1485 2883 1588 2938 hoc
1629 2883 1846 2942 nomine
1879 2901 2015 2936 usus.
2054 2910 2121 2921 —
2148 2883 2225 2933 Et
2242 2901 2509 2950 tranquaut.

1490 2959 1766 3031 Quoniam
1792 2969 1847 3014 e!
1868 2971 1990 3014 ante
2023 2979 2274 3028 nunquam
2307 2960 2513 3015 moles-

1486 3052 1605 3094 tum
1620 3050 1725 3107 est,
1750 3049 2029 3110 propterea
2056 3039 2234 3110 Heyn.
2252 3037 2316 3093 ad
2337 3038 2513 3093 Tibul.

1494 3118 1625 3173 Oba.
1655 3117 1755 3184 1V,
1779 3134 1798 3170 1
1816 3157 1833 3185 ‚
1855 3117 1949 3190 39,
1968 3115 2151 3169 suadet
2168 3137 2269 3170 non
2282 3136 2518 3187 unquam.

1560 3197 1671 3261 442.
1713 3196 1777 3247 In
1822 3197 2018 3256 damis,
2067 3194 2124 3247 in
2162 3193 2356 3248 damas.
2404 3195 2515 3249 Sed

1496 3271 1687 3342 Apollo
1708 3273 1844 3326 seras
1861 3271 2028 3342 figens
2049 3272 2185 3344 apud
2214 3273 2339 3327 alios
2352 3274 2519 3345 scrip-

1495 3360 1637 3404 tores
1663 3368 1772 3402 non
1795 3350 2037 3404 occurrit.

1561 3431 1676 3497 443.
1698 3432 1847 3484 Mille
1863 3451 2078 3500 pavens.
2096 3429 2240 3484 Male
2261 3429 2449 3484 Heius.
2464 3440 2522 3485 et

1495 3507 1812 3578 Zinzerling.
1828 3509 2347 3579 preferebantgrave',
2374 3506 2519 3578 quod
2555 3559 2567 3572 ,

1497 3587 1726 3643 Pontan.
1748 3599 1803 3642 et
1820 3587 2115 3642 Burmann.
2132 3588 2519 3657 improbarunt.

1495 3669 1797 3727 —Gmeeim
1823 3677 2106 3735 gravatam,
2121 3677 2387 3734 onustam,
2403 3667 2521 3736 ple·-

1497 3764 1638 3800 nam.
1654 3743 1790 3797 Vide
1805 3743 2136 3798 Freinshem.
2155 3743 2218 3797 ad
2237 3743 2377 3797 Flor.
2403 3745 2516 3809 111,

1497 3841 1554 3891 v,
1586 3825 1660 3877 18.
1687 3822 1758 3877 Et
1779 3823 1999 3875 omnino
2018 3827 2214 3889 μαινίς,
2244 3823 2336 3892 qui
2359 3830 2524 3892 gestat

1499 3901 1690 3972 aliquid
1716 3921 1729 3956 ι
1756 3901 1891 3957 XIV
1909 3942 1925 3967 ,
1965 3902 2063 3955 628
2081 3941 2097 3969 ,
2135 3903 2321 3967 jaculo
2349 3902 2523 3966 mvelt

1497 3983 1717 4032 dextera.
1742 4006 1809 4019 —
1844 3980 1994 4031 Me‘lle
2023 3981 2156 4031 [eleis.
2188 3975 2385 4029 Statius
2401 4012 2418 4038 ‚
2438 3971 2491 4022 V
2505 4008 2526 4036 ,

1499 4057 1594 4109 532
1609 4096 1626 4124 ‚
1656 4055 1780 4110 dicit
1803 4058 2134 4110 arundineam
2159 4061 2368 4106 centeno
2391 4051 2519 4100 vu!-

1497 4155 1612 4190 neoe
1630 4138 1810 4187 silvam
1834 4135 2044 4187 vexisse.

1567 4215 1681 4280 444.
1711 4214 1893 4279 Nigra,
1911 4207 1991 4261 vel
2007 4206 2128 4275 quia
2145 4197 2415 4272 serpentes
2429 4197 2531 4273 ipsl
