2975 4784
754 410 1795 489 METAMORPHOSEON
1840 421 2035 490 LIB.
2083 423 2189 489 11.

2415 422 2536 488 165

408 556 827 659 Doridaque,
867 576 935 632 et
965 578 1184 649 natas»,
1223 560 1465 662 tepidis
1497 558 1766 635 latuisse
1802 560 1926 634 sub
1953 563 2178 637 antris.

405 676 539 749 Ter
567 676 929 776 Neptunus
965 676 1156 777 aquis
1191 706 1342 751 eum
1382 694 1571 750 torvo
1603 676 2093 752 brachiavultu

2438 712 2537 767 270

407 792 721 865 Exserere
757 820 960 864 ausus
995 809 1136 865 erat
1164 822 1180 864 ε
1212 810 1312 867 ter
1339 821 1480 865 non
1517 791 1675 866 tulit
1710 793 1879 867 aeris
1913 811 2128 868 aestus.

404 907 603 981 Alma
640 927 858 982 tamen
887 907 1152 997 Tellus,
1190 926 1269 982 ut
1306 927 1445 983 erat
1476 909 1877 984 circumdata
1907 928 2161 1011 ponto,

405 1026 589 1099 Inter
621 1054 828 1125 aquas
856 1022 1072 1126 pelagi
1092 1081 1111 1114 ,
1150 1042 1660 1126 contractosque
1695 1023 1992 1126 undique
2026 1026 2277 1114 fonteS,

408 1140 547 1236 Qui
581 1168 652 1214 se
688 1138 1125 1213 condiderant
1155 1140 1227 1212 in
1263 1167 1484 1241 opacae
1518 1139 1764 1213 viscera
1797 1139 2064 1229 matris„

410 1251 707 1328 Sustulit
732 1253 1101 1330 omniferos
1137 1251 1311 1328 collo
1349 1270 1542 1329 tenus
1574 1253 1756 1328 arida
1782 1252 2048 1343 vultus;

402 1453 509 1501 inlr.
548 1446 614 1500 In
649 1448 829 1501 antris.
852 1446 993 1500 Vide
1027 1446 1092 1501 ad
1123 1447 1177 1515 1,
1201 1447 1318 1521 689.
1357 1447 1423 1502 In

400 1525 568 1578 fundo
584 1536 763 1579 autem
781 1525 937 1578 maris
953 1533 1105 1578 antra
1118 1525 1393 1596 finguntur
1404 1567 1419 1589 ,

402 1603 457 1656 in
474 1604 660 1672 quibus
674 1602 764 1656 Dii
785 1603 975 1658 marini
990 1603 1423 1658 habitant—Pri·

402 1699 524 1733 mus
548 1683 805 1748 Neptunus
824 1699 1033 1734 causam
1056 1680 1242 1734 mundi
1266 1701 1420 1752 agere

402 1760 576 1816 voluit
589 1802 604 1825 ,
635 1760 757 1830 quia
775 1762 935 1814 frater
956 1761 1122 1815 Jovis.
1141 1788 1208 1804 ·-
1232 1763 1421 1815 Torvus

399 1839 577 1892 vultus
612 1839 799 1908 passim
825 1840 870 1892 ei
907 1859 934 1892 a
971 1839 1138 1909 poetis
1172 1841 1422 1895 tribuitur

401 1928 622 1987 propter
637 1918 797 1970 maris
807 1929 1069 1971 naturam.
1084 1919 1241 1973 Nunc
1257 1921 1418 1974 etiam

402 1994 551 2049 dolor
572 2015 637 2048 ex
658 2005 785 2049 aestu
810 1996 1013 2049 vultum
1042 1997 1352 2052 obducebat.

467 2095 580 2145 ²7¹·
638 2076 870 2129 Brachia
913 2094 1152 2129 exserere.
1208 2078 1416 2149 Nempe

405 2150 765 2206 orandicausa.
780 2152 997 2205 Etenim
1011 2154 1304 2207 oratoribus
1315 2155 1420 2208 Ro-

408 2230 579 2283 manis
610 2229 671 2281 ad
717 2229 1005 2284 dicendum
1039 2230 1419 2300 prodeuntibus

403 2305 639 2360 solemne
661 2318 770 2361 erat
801 2310 1062 2360 brachium
1082 2313 1227 2360 extra
1254 2314 1420 2374 togam

399 2403 636 2437 exserere.
648 2383 834 2439 Senec.
856 2382 1046 2438 Contr.
1063 2386 1115 2436 V
1131 2425 1145 2451 ,
1163 2386 1212 2438 6.
1228 2385 1420 2454 Quint.

400 2461 499 2528 xl,
515 2462 936 2516 3.—Termelius
951 2463 1420 2533 repetitum,quam

395 2542 438 2596 si
460 2563 715 2613 uunquam
736 2543 960 2597 dixisset.

461 2643 574 2691 ²7²·
592 2621 755 2673 Alma
769 2627 936 2674 lamen
952 2624 1117 2674 lellus.
1133 2621 1261 2675 Post
1272 2619 1421 2673 illum

402 2701 575 2752 Tellus
604 2697 818 2768 prodit,
855 2716 974 2766 quae
995 2708 1109 2751 erat
1145 2716 1263 2767 pars
1285 2696 1421 2750 illius

396 2775 705 2829 calamitatis
741 2774 969 2828 maxima
992 2814 1008 2841 ,
1047 2784 1221 2828 mater
1259 2773 1420 2828 etiam

394 2850 755 2907 laborantium
792 2852 1051 2918 sontium,
1082 2851 1208 2921 qui,
1250 2860 1310 2904 ut
1343 2849 1420 2903 li-

396 2927 509 2981 beri
544 2939 789 2998 tempore
821 2927 1123 2983 calamitoso
1154 2929 1210 2982 in
1242 2928 1421 2981 sinum

398 3007 579 3060 matris
599 3046 616 3074 ,
641 3006 700 3059 in
720 3024 884 3074 opaca
906 3004 1024 3075 (ubi
1048 3006 1168 3072 tuti)
1191 3005 1305 3076 ejus
1324 3004 1422 3057 vis·

402 3104 518 3138 cera
567 3086 930 3156 confugerant.
980 3085 1236 3139 Praeclara
1284 3084 1418 3138 idea.

407 3162 531 3217 Non
559 3175 739 3219 autem
766 3166 939 3217 Tellus
954 3164 1058 3233 ipse
1084 3162 1223 3216 orbis
1248 3173 1417 3216 terra-

403 3258 531 3293 rum
562 3241 903 3311 intelligitur,
940 3238 1033 3293 sed
1072 3240 1190 3293 Dea
1224 3239 1423 3293 telluris

400 3319 462 3373 in
500 3320 648 3375 terris
686 3319 961 3387 babitans,
1011 3329 1072 3372 ut
1108 3321 1303 3371 Peneus
1342 3329 1421 3371 est

398 3403 530 3458 deus
549 3403 719 3458 Penei
739 3401 885 3456 fluvii
906 3442 922 3470 ,
954 3403 1014 3456 in
1036 3402 1185 3454 sonte
1203 3401 1317 3469 eius
1334 3419 1421 3453 se·-

398 3483 526 3538 dem
548 3483 766 3538 habens.
803 3483 983 3537 Tellus
1006 3500 1135 3535 vero
1159 3499 1271 3534 non
1300 3499 1422 3535 ausa

395 3573 478 3617 est
521 3571 634 3615 tota
680 3560 896 3631 prodire
916 3599 931 3627 ,
978 3559 1071 3615 sed
1113 3568 1323 3612 tantum
1357 3577 1422 3612 ex

396 3638 548 3709 aquis
578 3636 768 3708 quibus
799 3637 1000 3704 cincta,
1053 3645 1420 3707 prospectare,

395 3720 677 3788 vultusque
707 3718 906 3773 tollere.
937 3717 1180 3772 Exseruit
1204 3716 1419 3787 quidem

393 3805 457 3848 et
492 3813 732 3859 mum,-
769 3814 886 3848 eam
913 3813 1039 3848 vero
1070 3813 1180 3848 non
1204 3813 1425 3848 movere

393 3875 841 3931 interdicendum
857 3877 1057 3947 potuit,
1077 3874 1167 3929 sed
1182 3914 1199 3941 ,
1221 3885 1281 3929 ut
1292 3893 1422 3928 ocu-

392 3953 477 4008 los
515 3954 582 4008 ab
623 3964 754 4008 aestu
785 3964 840 4008 et
871 3952 1043 4006 favilla
1075 3950 1417 4014 defenderet,

394 4032 826 4101 opposm'lsmaeli.
861 4033 933 4087 Et
964 4030 1215 4101 quoniam
1250 4048 1319 4083 ne
1348 4030 1425 4084 sic

400 4108 623 4177 quidem
645 4120 833 4163 aestum
852 4111 991 4163 serre
1015 4117 1222 4178 poterat
1240 4146 1256 4174 ,
1292 4110 1422 4159 sub-

398 4192 568 4249 sede‘l:
586 4188 853 4248 subsidere
868 4189 993 4245 feeit
1011 4199 1236 4257 terram,
1255 4205 1421 4257 quan-

2440 1275 2537 1344 275

1524 1467 1680 1520 quam
1689 1453 1953 1517 paululum
1977 1458 2183 1502 tantum
2202 1487 2219 1515 ,
2249 1467 2317 1501 ne
2332 1447 2540 1517 longius

1522 1529 1724 1583 abesset
1736 1529 1800 1582 ab
1816 1548 1931 1582 arce
1943 1528 2090 1581 Jovis
2108 1565 2124 1593 ,
2153 1527 2365 1597 quicum
2382 1543 2534 1596 agere

1521 1608 1744 1662 volebat.
1758 1609 1904 1663 Hinc
1915 1627 2128 1677 magnus
2144 1614 2336 1661 tremor.
2354 1605 2435 1659 Ita
2448 1605 2537 1658 la·-

1520 1685 1620 1739 bor
1633 1685 1860 1740 Telluris
1873 1696 1929 1740 et
1937 1704 2061 1739 cura
2074 1684 2129 1737 in
2151 1683 2380 1736 maximo
2395 1682 2535 1735 malo

1517 1762 1657 1816 bene
1671 1765 2115 1817 notam—Alma
2127 1801 2142 1829 ,
2156 1761 2338 1813 omnia
2356 1758 2498 1812 alens
2516 1797 2532 1825 ,

1518 1840 1793 1911 proprium
1810 1851 1865 1894 et
1878 1851 2058 1910 aptum
2072 1850 2227 1893 terrie
2241 1837 2530 1908 epitheton.

1515 1946 1584 1960 --
1601 1920 1813 1983 Uterat,
1843 1922 1904 1979 ὣς
1926 1927 2024 1986 εἶχε
2038 1957 2054 1984 ,
2078 1916 2321 1988 exprimit
2335 1926 2534 1970 statum

1518 2007 1609 2049 aut
1633 1996 1899 2060 habitum,
1943 2015 2050 2064 quo
2073 1997 2188 2065 quis
2220 2005 2365 2060 erat,
2407 1995 2490 2047 lv
2514 2033 2529 2061 ,

1517 2074 1616 2142 473
1643 2088 1657 2121 ἱ
1681 2093 1839 2127 canos
1853 2113 1868 2136 ,
1897 2082 1956 2125 ut
1974 2079 2088 2125 em!
2104 2075 2306 2125 turbata
2319 2112 2334 2134 ‚
2369 2075 2536 2139 capil-

1514 2152 1764 2218 1055v1,
1790 2151 1883 2220 ²37
1910 2171 1924 2204 z
1951 2158 2010 2202 ut
2030 2156 2143 2201 erat
2157 2165 2379 2216 promtu
2409 2150 2537 2216 244:

1515 2237 1655 2284 seba!
1668 2238 1816 2285 eran!
1818 2231 2005 2298 juncti.
2026 2229 2157 2281 Mox
2178 2227 2534 2282 revocandum

1518 2308 1698 2378 putavi
1713 2347 1729 2374 ,
1765 2311 2172 2373 contractosque,
2213 2304 2277 2357 ab
2313 2302 2537 2356 Heinsio

1518 2385 1744 2459 pulsum'.
1761 2387 1886 2440 Non
1902 2384 2046 2438 enim
2058 2382 2255 2449 innuit,
2269 2401 2426 2451 aquas
2438 2402 2533 2451 pe-

1518 2466 1644 2537 lasgi
1659 2475 1901 2519 constare
1915 2483 1977 2517 ex
1989 2461 2241 2528 sontibus,
2255 2459 2346 2514 sed
2363 2459 2535 2513 omnis

1520 2544 1726 2616 generis
1750 2562 1909 2612 aquas
1927 2557 2346 2595 commemorare
2366 2537 2492 2591 vult.

1585 2622 1697 2692 ²73·
1731 2623 2031 2673 Contractus
2052 2637 2149 2689 pro
2163 2622 2540 2683 contractosque

1514 2698 1714 2753 invexit
1737 2697 1990 2752 Heinsius
2015 2706 2075 2748 ut
2097 2712 2255 2762 aquas
2279 2690 2443 2761 pelagi
2458 2691 2536 2743 in·

1517 2787 1648 2831 nuat
1681 2786 1922 2831 constare
1956 2795 2018 2829 ex
2040 2771 2273 2828 sontibus
2301 2768 2534 2838 undique

1518 2856 1816 2910 contractis.

1587 2936 1699 3005 275.
1738 2932 2040 3002 Omm'fivos.
2077 2930 2352 3001 Quoniam
2387 2946 2536 2981 non-

1518 3011 1654 3066 nulli
1672 3014 1993 3079 omm’parens
2009 3052 2023 3074 ‚
2049 3018 2327 3079 propterea
2353 3006 2536 3060 Heius.

1519 3093 1657 3161 conj.
1682 3097 1992 3161 omne‘pams,
2025 3090 2185 3159 idque
2216 3108 2278 3142 ex
2302 3086 2534 3158 analogia

1514 3169 1837 3237 comprobat.
1869 3167 2048 3221 Nostri
2077 3163 2296 3221 Codices
2315 3204 2330 3232 ,
2359 3169 2534 3218 omne·-

1504 3248 1668 3319 seros.
1693 3274 1759 3286 --
1774 3247 1988 3299 Sustulit
2006 3245 2287 3315 ommseros.
2308 3244 2390 3297 Ut
2411 3241 2538 3295 Au—

1515 3337 1709 3379 tumno
1741 3323 1805 3377 ab
1830 3323 2055 3377 Horatio
2077 3330 2233 3392 caput
2254 3326 2422 3391 pomis
2443 3325 2535 3374 de-

1518 3425 1687 3461 comm
1703 3444 1719 3469 ,
1744 3402 1817 3459 sic
1846 3403 2050 3457 Telluri
2079 3423 2109 3456 a
2133 3404 2330 3457 Nostro
2360 3406 2532 3454 omni-

1504 3485 1623 3556 seri
1635 3487 1805 3536 mlius
1821 3481 1924 3535 dan
1932 3492 2046 3534 tur:
2069 3479 2361 3549 annisi-ms,
2387 3497 2539 3533 voca-

1519 3562 1704 3616 bulum
1728 3561 1792 3614 ab
1819 3560 1931 3631 ipso
1959 3558 2157 3614 ovidio
2178 3560 2372 3612 sactum
2391 3597 2406 3625 ,
2430 3578 2535 3629 ap-

1521 3651 1639 3694 tum
1661 3649 1841 3692 tamen
1860 3650 2013 3693 terrm
2032 3639 2188 3691 aeoeve‘d
2217 3660 2253 3709 ῳ
2271 3646 2324 3690 et
2343 3642 2538 3706 παμμέ-

1518 3744 1617 3797 τορι
1640 3758 1657 3785 ,
1696 3735 1814 3788 quo
1846 3721 2018 3770 omnia
2044 3757 2058 3779 ,
2103 3662 2289 3784 quiims
2333 3713 2537 3783 indiget

1518 3807 1708 3851 natm-a
1728 3795 1963 3850 humana
1982 3794 2121 3865 ,seri
2137 3802 2194 3847 et
2213 3792 2316 3847 alit.
2338 3792 2538 3845 Lucre-

1518 3875 1594 3929 tio
1607 3886 1662 3928 et
1677 3873 1900 3944 Virgilio
1920 3871 2111 3927 dicitur
2121 3874 2452 3937 ommparens.
2468 3894 2537 3906 -

1519 3955 1746 4006 Sustulit.
1764 3950 1994 4004 Videtur
2009 3959 2162 4019 poeta
2177 3945 2455 4028 respexisse
2472 3941 2541 3994 ad

1518 4029 1694 4085 locum
1718 4028 1992 4084 Pansaniae
2017 4027 2078 4079 in
2101 4023 2289 4078 Atticis
2314 4033 2468 4074 :Eece
2492 4024 2543 4072 δὲ

1520 4118 1600 4164 καὶ
1611 4119 1705 4171 Γῆς
1724 4112 1910 4175 ἔγκλμοι
1927 4108 2205 4163 ἱκετευούσης
2221 4101 2330 4152 ὗσαι
2344 4099 2420 4150 τὶν
2435 4105 2543 4151 Δία.

1523 4205 1552 4234 «ι
1573 4184 1671 4239 Est
1686 4182 1827 4252 apud
1842 4179 2200 4237 Athenienses
2210 4171 2550 4229 simulacrum
