2975 4784
604 401 1686 473 METAMORPHOSEON
1735 409 2089 476 LIB.11.

2281 410 2410 474 203

280 540 715 616 Incustoditae
750 541 978 642 Pylios
1008 561 1459 617 memorantur
1494 545 1565 617 in
1601 573 1796 640 agros

282 658 697 732 Processisse
731 657 941 732 boves
970 689 987 730 ε
1015 658 1195 732 videt
1226 659 1347 733 has
1379 660 1724 735 Atlantide
1757 662 1937 735 Maia

2312 685 2415 737 685

281 775 537 857 Natus;
576 790 645 846 et
674 790 810 846 arte
845 801 965 847 sua
1000 772 1184 847 silvis
1220 773 1508 849 occultat
1543 776 1824 851 abactas.

287 890 604 964 Senserat
632 889 763 963 hoc
797 890 1050 964 furtum
1083 919 1311 978 nemo,
1346 890 1475 964 nisi
1516 908 1722 965 notus
1759 892 1832 965 in
1866 889 1984 964 illo

284 1007 469 1080 Rure
505 1033 737 1106 senen
774 1006 1047 1079 Battum
1083 1006 1321 1080 vicinia
1356 1024 1496 1081 tota
1529 1007 1873 1100 vocabant.

285 1121 536 1195 Divitis
568 1121 677 1195 hic
712 1120 920 1195 saltus
949 1121 1364 1223 herbosaque
1395 1150 1644 1223 pascua
1677 1121 1911 1211 Nelei,

284 1235 766 1337 Nobiliumque
802 1265 1032 1332 greges
1067 1255 1294 1312 custos
1332 1238 1638 1313 servabat
1670 1267 2010 1339 equarum.

2328 1263 2429 1332 690

284 1360 489 1433 Hunc
528 1358 780 1446 timuit,
815 1358 1192 1461 blandaque
1227 1388 1429 1434 manu
1460 1360 1760 1449 seduxit3
1800 1379 1867 1436 et
1898 1361 1998 1434 illi
2020 1418 2040 1451 ‚

291 1514 326 1546 «ι
371 1481 704 1581 Quisquis
740 1510 843 1571 es,
880 1482 1159 1585 hospeS‚
1194 1483 1324 1572 ait,
1360 1485 1419 1557 si
1449 1485 1620 1559 sorte
1651 1502 1945 1559 armenta
1980 1484 2276 1585 requiret

288 1638 325 1673 »
368 1606 533 1677 Haec
568 1603 842 1705 aliquiS‚
878 1605 1121 1679 vidisse
1153 1633 1365 1702 nega:
1391 1635 1526 1681 neu
1559 1608 1770 1701 gratia
1801 1607 1974 1682 facto

294 1753 328 1791 n
370 1723 581 1798 Nulla
612 1725 1039 1826 rependatur,
1072 1727 1350 1802 nitidam
1385 1757 1543 1830 cape
1579 1731 1845 1830 praemia
1878 1758 2170 1817 vaccam,
2213 1762 2248 1794 »

289 1850 383 1922 Et
413 1846 604 1922 dedit
631 1877 647 1920 z
672 1866 965 1950 accepta,
1001 1876 1196 1923 voces
1229 1848 1351 1923 has
1386 1850 1678 1925 reddidit
1708 1850 1957 1953 hospes
1988 1882 2003 1923 ε

355 2066 472 2120 685.
507 2068 662 2119 Vile!
673 2068 785 2118 has.
817 2066 929 2119 Has
953 2069 1085 2119 vidit
1103 2066 1313 2119 Mercu-

293 2143 439 2206 rius,
476 2144 665 2213 quippe
698 2144 752 2195 in
787 2142 1006 2216 Cyllene
1027 2184 1042 2208 ‚
1076 2143 1313 2197 Arcadiae

294 2231 482 2274 monte
505 2260 520 2285 ,
543 2231 711 2274 natus.
733 2249 801 2262 ·-
819 2223 984 2275 Maia.
1010 2222 1190 2275 Nostri
1209 2219 1313 2274 Co-

294 2298 436 2351 dices
474 2299 623 2369 Regii
658 2299 856 2352 habent
891 2307 1062 2352 matre.
1105 2300 1313 2352 Incerta

292 2375 462 2429 lectio.
490 2378 591 2428 Ed.
624 2405 695 2416 —
727 2378 856 2429 Arle
876 2395 1002 2438 sna,
1040 2386 1166 2429 nota
1192 2374 1277 2429 illa
1296 2415 1311 2441 ‚

295 2473 392 2521 qua
408 2453 694 2508 excellebat
710 2493 726 2520 ‚
757 2453 1051 2508 calliditate.
1078 2456 1240 2508 Hom.
1257 2455 1313 2508 in

296 2529 552 2600 Mercqfn
567 2538 721 2593 ὥλίης
739 2529 783 2584 ο*
796 2535 843 2586 οὖ
856 2537 1012 2592 histro
1027 2536 1205 2600 τίχνης.
1219 2531 1312 2586 Ille

294 2611 431 2664 enim
446 2613 677 2664 callidus
692 2651 705 2672 ‚
735 2614 985 2680 quidquid
986 2613 1191 2680 placuit
1201 2652 1215 2672 ‚
1224 2613 1316 2679 jo-

292 2707 404 2741 coso
421 2691 641 2742 condere
642 2687 807 2756 furto,
835 2688 1023 2742 Horat.
1040 2691 1065 2743 1
1079 2729 1095 2756 ,
1122 2688 1229 2743 Od.
1247 2706 1281 2742 x
1296 2729 1312 2756 ,

297 2790 321 2837 7
338 2811 351 2832 ‚
376 2770 465 2823 ubi
490 2769 595 2823 hoc
618 2768 791 2839 ipsum
823 2771 1119 2841 exemplum
1138 2772 1314 2840 subii—

293 2845 439 2899 citur.
462 2846 636 2900 Dolos
660 2847 716 2899 in
740 2866 801 2900 ea
827 2867 884 2901 re
909 2848 1164 2903 adhibitos
1188 2867 1315 2902 me·—

293 2934 463 2976 morat
487 2924 753 2977 Antonin.
771 2924 881 2979 Lib.
897 2964 910 2990 ‚
937 2927 1209 2995 multoque
1229 2926 1314 2979 la-

296 3000 395 3054 tius
418 3002 649 3055 Homer.
672 3000 724 3053 d.
745 3002 780 3055 l.
803 3004 957 3057 Artes
980 3015 1158 3058 autem
1180 3004 1317 3057 Lati-

294 3080 377 3131 nis
388 3098 578 3133 omnes
590 3080 741 3133 dotes
753 3080 913 3133 animi
927 3091 981 3134 et
994 3081 1317 3151 corporis.—

292 3157 463 3209 Se‘ln‘s.
474 3155 884 3230 coryphasium,
898 3158 1177 3213 Messeniae
1190 3177 1319 3229 pro-

289 3237 629 3290 montorium
644 3276 660 3302 ,
691 3236 997 3291 Antoninus
1020 3250 1294 3291 memorat.

355 3315 471 3368 688.
497 3318 715 3370 Battum
736 3316 849 3370 sine
869 3315 1032 3369 dubio
1043 3317 1316 3385 vocabant,

290 3404 349 3446 ut
364 3393 425 3447 fit
440 3435 457 3461 ,
479 3414 509 3448 a
524 3394 657 3448 vitio
674 3394 924 3463 quodam.
940 3394 1138 3449 Groecis
1154 3400 1321 3459 βάττος
1342 3411 1347 3416 ’

290 3484 511 3526 vocatur
545 3472 728 3527 balbus
747 3512 762 3539 ,
805 3473 895 3542 qui
926 3492 1039 3526 non
1077 3473 1316 3528 distincte

288 3549 646 3618 pronuntiare
662 3561 832 3619 potest
847 3552 1020 3604 verba.
1034 3551 1190 3621 Apud
1207 3553 1320 3605 He·-

288 3627 464 3681 rodot.
494 3626 600 3694 IV,
632 3628 724 3681 135
738 3666 753 3692 ‚
774 3628 958 3681 Battus
972 3648 1062 3681 rex
1080 3627 1319 3701 Cyrenes

290 3707 610 3762 balbutiens.
634 3708 701 3760 ln
731 3706 933 3761 Alberti
963 3707 1129 3763 Gloss.
1159 3711 1224 3763 N.
1253 3711 1317 3763 T.

289 3807 339 3856 p.
349 3806 475 3854 που,
492 3787 684 3840 Battus
699 3796 873 3856 pastor
884 3786 1173 3842 balbutiens
1181 3807 1320 3844 com·

288 3873 645 3918 memoratur.
663 3862 799 3917 Inde
813 3873 1102 3940 βαι-παρίζειν
1114 3906 1129 3932 ,
1146 3867 1321 3920 balbu-

288 3943 387 3998 tire
404 3966 418 4008 ;
438 3961 753 4012 quanquam
767 3942 852 3995 illo
868 3945 1084 3997 nomine
1099 3947 1204 3998 etis
1219 3965 1323 3999 no-

290 4022 504 4076 tdiatur
522 4062 539 4086 ,
582 4021 678 4090 qui
702 4021 867 4074 multa
889 4033 1088 4076 temere
1115 4024 1286 4077 effutit
1305 4064 1320 4090 ‚

290 4109 349 4151 ut
372 4110 592 4152 notum.

357 4178 480 4250 689.
506 4179 671 4230 Nelei.
719 4174 941 4232 Codices
978 4179 1171 4247 nostri,
1200 4180 1323 4234 Nili.

2323 1870 2432 1942 695

1412 2067 1661 2121 Pessime.
1681 2069 1781 2119 Ed.
1803 2095 1871 2107 —·
1891 2070 2101 2127 Neleus,
2134 2085 2225 2118 rex
2249 2064 2434 2136 Pylio-

1408 2163 1563 2209 rum‚
1597 2154 1746 2214 pater
1777 2145 2026 2198 Nestoris.
2064 2145 2117 2197 Is
2149 2161 2435 2197 numerosa

1411 2229 1464 2271 et
1498 2220 1706 2288 egregia
1739 2219 1965 2273 habebat
2005 2229 2244 2271 armenta
2276 2220 2431 2286 (Ho-

1409 2315 1542 2348 mer.
1558 2294 1665 2350 od.
1682 2306 1744 2363 Δ,
1763 2297 1899 2361 288),
1921 2315 2037 2365 quae
2053 2307 2246 2356 autem,
2265 2316 2431 2365 quum

1410 2373 1690 2446 Pyliorum
1715 2393 1839 2444 ager
1863 2392 2113 2427 arenosus
2128 2384 2293 2440 esset,
2320 2373 2434 2443 plu-

1410 2452 1609 2506 rimum
1637 2464 1782 2506 extra
1806 2453 1957 2507 Nelei
1980 2453 2114 2507 fines
2136 2453 2430 2523 pasceban-

1411 2540 1515 2584 tur.
1540 2532 1765 2585 Pausan.
1790 2532 2021 2585 Messen.
2047 2549 2096 2602 p.
2128 2532 2188 2601 37
2199 2551 2241 2585 ι.
2288 2531 2433 2584 Hinc

1410 2619 1629 2662 vocatur
1647 2613 1822 2674 dinen
1855 2609 2035 2678 priscis
2058 2609 2203 2662 enim
2225 2618 2434 2677 tempo-

1411 2688 1554 2742 ribus
1580 2687 1772 2741 divitiae
1797 2688 2150 2741 censebantur
2177 2685 2433 2739 multitu—

1412 2768 1537 2822 dine
1562 2779 1927 2822 armentorum
1952 2778 2008 2820 et
2029 2783 2249 2837 gregum
2272 2787 2285 2828 ς
2320 2764 2432 2818 ita-

1412 2865 1515 2915 que
1527 2866 1627 2900 nec
1635 2849 1866 2900 custodes
1879 2863 2130 2914 pecorum
2143 2842 2315 2896 infimi
2333 2841 2432 2895 loci

1411 2937 1581 2980 erant.
1624 2925 1895 2981 Ceterum
1916 2924 2068 2979 Nelei
2100 2934 2222 2976 :etas
2252 2921 2433 2974 incidit

1410 3006 1465 3058 in
1493 3017 1731 3077 tempora
1756 3005 2170 3059 Centaurorum.
2203 3002 2432 3055 Homer.

1413 3085 1474 3138 Il.
1505 3085 1550 3137 A
1573 3124 1587 3151 ,
1616 3085 1729 3137 262.
1754 3086 2009 3153 Equorum
2033 3101 2213 3152 greges
2237 3081 2434 3136 Neleus

1414 3164 1585 3217 alebat
1615 3162 1804 3216 sobolis
1839 3181 2021 3224 causa;
2059 3160 2184 3214 hinc
2205 3163 2429 3222 nobiles,

1416 3242 1646 3296 delectae.
1665 3269 1733 3280 -—
1757 3240 1971 3294 Nobiles
1989 3239 2148 3293 etiam
2172 3237 2356 3309 palmis
2376 3237 2433 3290 in

1414 3321 1805 3375 certaminibus.
1834 3319 2019 3390 virgil.
2039 3318 2267 3389 Georg.:
2292 3321 2435 3370 Ella-

1413 3398 1533 3452 dum
1552 3403 1760 3467 palmas
1782 3398 1999 3465 Epeiros
2019 3415 2266 3465 equarum.
2288 3394 2389 3448 Ed.

1480 3479 1596 3552 691.
1620 3479 1842 3531 Seduxe'l.
1881 3475 2069 3545 Quum
2094 3494 2232 3528 unus
2252 3474 2439 3526 Battus

1417 3555 1652 3622 adesset,
1686 3573 1797 3607 non
1823 3573 1956 3623 opus
1991 3563 2105 3608 erat
2126 3569 2251 3605 eum
2274 3553 2434 3605 sedu-

1413 3651 1527 3688 cere
1542 3675 1555 3695 ,
1580 3633 1797 3686 seorsim
1814 3635 2005 3685 ducere.
2017 3658 2084 3671 ·-·
2099 3633 2175 3683 Et
2185 3633 2280 3683 illl.
2299 3631 2440 3684 Bur-

1416 3729 1647 3763 mannus
1662 3709 1838 3763 mallet
1856 3750 1871 3776 ,
1893 3715 2042 3771 altu,
2065 3719 2126 3762 ut
2140 3707 2265 3762 lib.l
2287 3746 2302 3774 ,
2327 3707 2441 3777 678.

1415 3816 1484 3829 ·—
1509 3788 1735 3842 Codices
1756 3787 1922 3841 nostri
1937 3827 1952 3853 ,
1976 3794 2030 3839 e!
2049 3790 2164 3851 illi5
2201 3797 2257 3839 et
2284 3804 2441 3856 supra

1421 3863 1606 3921 Codex
1622 3867 1668 3921 Λ
1686 3878 1803 3938 post
1816 3887 1968 3920 manu
1981 3866 2163 3920 inserit
2178 3867 2325 3919 bunc.
2341 3862 2441 3917 Ed.

1417 3949 1559 3999 -Bt
1568 3946 2019 4000 illis-evocavimus
2034 3965 2094 3997 ex
2112 3944 2296 4006 MSS.;
2309 3958 2440 3994 nam

1422 4023 1674 4077 Heinsius
1693 4034 1747 4077 et
1771 4022 1856 4076 hic
1872 4063 1887 4089 ‚
1911 4033 1965 4075 et
1988 4021 2221 4091 pluribus
2245 4017 2353 4071 aliis
2369 4016 2447 4067 lo-

1421 4101 1491 4156 cis
1517 4120 1578 4154 ex
1601 4101 1815 4169 ingenio
1836 4104 1944 4154 Ee'a
1963 4099 2184 4151 insarsit.
2206 4123 2275 4135 —
2300 4096 2446 4158 Quis·

1421 4182 1537 4247 que’s
1559 4197 1615 4232 es
1640 4197 1656 4230 .·
1679 4176 1798 4230 vide
1830 4177 1854 4229 Ι
1872 4215 1887 4242 ,
1909 4176 2025 4246 679.
2063 4175 2266 4226 Ve'disse
2285 4188 2415 4238 nega
2430 4188 2447 4219 .-
