2975 4784
646 428 1678 505 METAMORPHOSEON
1722 428 1909 495 LIB.
1956 428 2095 497 VI.

2324 422 2447 507 421

344 575 649 671 Augusta
681 575 993 670 gravitate
1031 571 1264 647 sedent
1294 600 1309 643 :
1341 597 1460 643 sua
1495 594 1821 670 quemque
1850 567 2139 642 Deorum

343 692 661 767 Inscribit
691 690 890 765 facies
921 719 936 763 :
964 692 1007 762 J
1012 689 1155 762 ovis
1186 704 1288 761 est
1321 683 1560 782 regalis
1593 684 1831 777 imago.

337 809 534 881 Stare
567 807 784 900 Deum
820 803 1082 906 pelagi,
1120 801 1458 903 longoque
1491 799 1684 874 ferire
1719 796 1997 873 tridente
2394 817 2461 887 75

343 924 600 1022 Aspera
636 950 789 1018 saxa
817 920 1007 1008 facit,
1043 919 1390 1020 medioque
1424 946 1460 992 e
1493 914 1760 991 vulnere
1789 913 1926 987 saxi

345 1042 710 1118 Exsiluisse
744 1043 985 1118 fretum
1007 1099 1026 1132 ‚
1063 1072 1197 1144 quo
1235 1042 1512 1142 pignore
1548 1037 1837 1113 vindicet
1860 1036 2113 1110 urbem.

346 1167 444 1238 At
474 1166 607 1240 sibi
642 1164 755 1239 dat
780 1165 1112 1268 clypeum,
1153 1164 1265 1238 dat
1298 1181 1503 1238 acutae
1538 1159 1834 1262 cuspidis
1857 1159 2150 1248 hastam;

347 1288 484 1361 Dat
519 1286 765 1384 galeam
800 1287 1001 1389 capiti
1030 1315 1049 1376 ;
1083 1285 1455 1361 defenditur
1488 1283 1692 1380 aegide
1728 1299 1961 1385 pectus
1991 1311 2008 1354 :

344 1409 860 1511 Percussamque
892 1438 1011 1484 sua
1045 1408 1313 1484 simulat
1334 1408 1424 1484 ’de
1460 1406 1735 1509 cuspide
1766 1423 2007 1480 terram
2401 1426 2467 1478 80

410 1625 487 1696 73.
516 1627 749 1694 Anausin
764 1633 990 1695 gruellus
1003 1668 1018 1692 ,
1046 1628 1222 1683 divina
1235 1647 1353 1682 ma-

342 1703 945 1775 jestaNempegnnz‘as
958 1706 1219 1775 judicibus
1227 1725 1357 1761 con-

341 1782 503 1835 venit.
515 1786 848 1848 —Inscn'bit,
875 1795 1068 1839 notum
1088 1786 1237 1850 facit,
1257 1783 1355 1838 de-

339 1860 503 1914 clarat
523 1862 638 1931 quis
651 1862 749 1928 sit3
785 1862 1001 1917 ductum
1025 1861 1107 1915 vel
1139 1881 1168 1914 a
1195 1861 1358 1915 titulis

339 1935 682 1992 edificiorum
697 1980 713 2007 ,
742 1940 822 1993 vel
847 1941 1017 2010 potius
1042 1941 1105 1993 ab
1130 1939 1353 2008 inscrip-

337 2017 566 2074 tionibus
580 2020 634 2073 in
648 2032 855 2092 pectore
870 2019 1153 2087 venalium,
1167 2019 1354 2089 quibus

313 2091 320 2098 ⁰
342 2095 718 2168 declarabatur,
743 2101 959 2170 quinam
972 2110 1142 2154 essent
1160 2139 1176 2165 ‚
1195 2116 1355 2169 quam

341 2184 513 2228 artem
541 2177 930 2247 profiterentur.
955 2176 1043 2230 Sic
1058 2179 1356 2229 literatorum

338 2255 557 2305 inseram·
572 2254 855 2308 Suetonius
871 2293 886 2322 ,
922 2253 1000 2308 Ill.
1029 2253 1209 2308 Gram.
1225 2257 1269 2321 4.
1289 2279 1357 2293 -

341 2331 587 2397 Regalis,
620 2350 743 2385 cum
764 2341 969 2402 sceptro
989 2340 1042 2385 et
1063 2331 1300 2385 fulmine.

409 2412 486 2480 75.
511 2410 655 2464 Stare
668 2414 846 2464 Deum.
875 2412 1032 2466 Unus
1048 2433 1110 2466 ex
1125 2412 1357 2467 Leiden-

337 2486 497 2553 sibus,
510 2506 629 2541 aare
640 2490 818 2552 Deum,
839 2489 978 2559 quod
993 2491 1176 2561 probat
1190 2491 1356 2545 Hein-

339 2564 457 2617 sius.
473 2564 615 2618 Male
630 2587 643 2629 ;
660 2566 938 2637 Neptunus
951 2577 1092 2624 recte
1108 2575 1252 2621 stans
1264 2588 1356 2621 ex-

341 2660 543 2709 pressus
562 2653 674 2696 erat
691 2663 868 2698 coram
890 2645 1146 2715 judicibus
1160 2646 1355 2701 seden-

343 2717 491 2772 tibus.
506 2746 573 2759 —
594 2719 745 2792 Regii
777 2722 944 2776 nostri
965 2729 1102 2777 stare
1122 2723 1353 2789 babent;

341 2794 621 2849 lectionem
643 2818 763 2852 nare
778 2810 916 2854 recte
939 2804 1128 2869 Ge'en'g.
1155 2802 1356 2873 impro-

340 2872 430 2925 bat
455 2894 469 2937 3
515 2893 742 2945 namque
781 2878 1032 2950 Heinsius
1073 2871 1351 2950 nunquam

342 2951 471 3005 vidit
491 2953 801 3025 Neptunum
825 2968 1043 3011 nantem
1066 2978 1230 3029 quum
1253 2965 1355 3013 tn·-

343 3032 489 3082 denle
507 3051 639 3085 saxa
652 3033 796 3102 serit.
834 3034 932 3088 Ed.
958 3063 1027 3076 —
1063 3039 1228 3090 Ferit-e
1249 3041 1355 3090 tri-

343 3110 594 3163 denteetc.
615 3109 756 3163 Cum
771 3110 998 3165 hocloco
1013 3114 1260 3167 conseran
1267 3124 1355 3167 tur

341 3204 520 3241 versus
545 3188 638 3242 283
661 3199 714 3241 et
742 3183 837 3255 {⁸84
852 3188 966 3241 libri
981 3190 1101 3242 1.-
1121 3194 1350 3256 Vatum,

343 3263 503 3320 hiatu.
517 3265 1088 3333 —Exst‘ImE-sestelum.
1113 3267 1276 3322 MSS.
1301 3278 1357 3323 et

345 3342 570 3399 editores
596 3345 835 3417 plurimi,
862 3345 1066 3414 strum,
1110 3367 1306 3417 equum
1333 3390 1351 3418 ,

346 3432 406 3475 ut
419 3422 698 3492 Phaedms,
719 3423 775 3492 1,
799 3423 899 3478 fab.
921 3440 1004 3477 111
1019 3465 1032 3490 ,
1052 3445 1112 3496 9,
1131 3426 1222 3479 ubi
1235 3426 1353 3481 vide

347 3501 826 3570 Interpretationes.
860 3501 1138 3571 Virgilius,
1160 3502 1353 3576 Georg.

345 3582 373 3635 I
399 3620 414 3647 ,
459 3601 514 3634 12
538 3599 553 3634 ε
578 3587 670 3635 cut'
682 3587 848 3648 prima
874 3584 1171 3652 frementem
1204 3584 1363 3636 Fudit

342 3677 518 3725 equum
530 3678 712 3727 magno
726 3664 876 3714 tellus
878 3680 1125 3728 percussa
1137 3663 1355 3716 tridenti.

345 3737 556 3787 Verum
579 3736 837 3793 Herodot.
863 3737 1034 3802 VIII,
1064 3740 1126 3790 55
1150 3758 1164 3802 ς
1190 3736 1358 3807 Apol-

344 3811 561 3867 lodorus
577 3853 592 3881 ,
617 3814 731 3882 111,
757 3832 872 3882 xnr,
897 3837 917 3868 ι
941 3838 956 3881 ;
990 3815 1199 3868 Himer.
1217 3814 1356 3886 apud

344 3890 505 3946 Phot.
544 3910 594 3960 p.
633 3892 799 3959 11343
834 3891 1152 3959 Pausanias,
1199 3892 1355 3949 Attic.

345 3990 398 4040 p.
435 3971 528 4039 573
557 3969 732 4022 Varro
769 3968 906 4039 apud
944 3970 1161 4041 August.
1197 3970 1248 4024 d.
1283 3970 1355 4037 l.;

348 4047 547 4102 Statius
564 4087 580 4116 ‚
604 4046 773 4100 Theb.
798 4047 906 4102 XII
924 4088 939 4116 ,
977 4047 1072 4101 632
1090 4088 1106 4115 ,
1149 4066 1357 4103 memo-

347 4135 501 4193 rant,
527 4144 664 4178 mare
694 4124 990 4196 produxisse
1023 4126 1077 4178 in
1102 4117 1194 4180 illa
1215 4146 1356 4181 con-

348 4203 585 4257 tentione
608 4204 932 4274 Neptunum.
959 4201 1162 4258 Confer
1189 4205 1357 4260 Bent-

1448 1627 1614 1681 leium
1629 1665 1644 1692 ‚
1668 1624 1734 1680 ad
1751 1623 2038 1679 Horatium
2053 1661 2068 1688 ‚
2094 1624 2120 1676 1
2135 1662 2150 1689 ,
2170 1619 2279 1677 od.
2295 1635 2404 1686 vu,
2423 1640 2468 1690 7.

1451 1708 1560 1761 Per
1579 1724 1745 1768 aare,
1781 1707 2054 1770 θάλασσαν,
2080 1711 2258 1755 autem
2280 1698 2354 1752 illi
2373 1699 2468 1752 in-

1450 1786 1764 1840 tellexerunt
1786 1802 2040 1854 aquarum
2061 1780 2432 1852 scaturiginem
2448 1819 2464 1845 ‚

1451 1875 1703 1933 puteum,
1737 1882 1923 1934 aquam
1961 1862 2222 1915 marinam
2257 1858 2468 1913 occultis

1449 1952 1602 1996 terrae
1612 1942 1869 1996 meatibus
1884 1939 2255 1995 affluentemin
2272 1935 2465 1991 Erech·

1450 2020 1558 2074 thei
1572 2019 1680 2073 aede
1695 2021 1752 2073 in
1768 2019 2015 2089 acropoli,
2028 2037 2147 2088 quae
2160 2013 2467 2088 Apollodori

1450 2099 1621 2153 adhuc
1645 2109 1795 2153 aetate
1839 2098 2228 2152 ostendebatur.
2268 2099 2466 2166 Equum

1451 2187 1629 2230 autem
1658 2176 1796 2248 apud
1820 2175 2102 2246 Virgilium
2129 2215 2146 2242 ,
2186 2174 2286 2228 alio
2319 2184 2470 2227 tem-

1448 2275 1578 2327 pore
1594 2276 1654 2310 ex
1667 2256 1948 2310 Thessaliae
1960 2254 2180 2326 scopulis
2195 2273 2467 2308 excussum

1450 2333 1691 2389 nonnulli
1706 2334 2015 2389 existimant.
2035 2334 2159 2387 Non
2180 2332 2341 2405 igitur
2362 2331 2467 2384 du·

1449 2413 1607 2467 bitavi
1633 2413 1848 2467 alteram
1873 2412 2155 2466 lectionem
2165 2410 2357 2480 fretum
2380 2431 2471 2465 re·

1450 2511 1650 2545 vocare.
1692 2490 1990 2545 Lactantius
2028 2489 2245 2559 quidem
2283 2490 2470 2543 mani-

1449 2571 1579 2624 feste
1594 2568 1714 2639 legit
1710 2571 2055 2637 fretum;nam
2065 2566 2121 2620 in
2138 2568 2472 2637 Argumento

1448 2649 1616 2701 lacum
1637 2649 1829 2699 salsum
1851 2654 2125 2698 memorat.
2166 2641 2279 2698 Nec
2311 2663 2473 2714 appa-

1448 2738 1535 2784 ret
1551 2767 1566 2794 ‚
1603 2726 1725 2797 quid
1753 2746 1847 2796 per
1865 2745 2038 2796 equum
2062 2722 2350 2794 significare
2375 2743 2473 2775 vo-

1449 2808 1647 2862 luerint
1686 2805 1739 2859 in
1780 2804 1878 2858 bac
1914 2801 2084 2856 sabula
2104 2842 2120 2869 ,
2163 2820 2332 2869 quum
2368 2819 2467 2853 nec

1451 2886 1730 2954 Neptunus
1751 2922 1765 2948 ,
1802 2901 1901 2934 nec
1924 2879 2077 2952 prisci
2105 2878 2265 2932 Attici
2290 2897 2467 2948 equo-

1450 2980 1573 3014 rum
1606 2959 1661 3013 in
1691 2959 1873 3030 primis
1897 2975 2079 3011 curam
2101 2957 2368 3026 gesserint.
2401 2956 2473 3009 Et

1449 3056 1753 3110 quanquam
1763 3039 1914 3105 serus
1939 3033 2209 3089 interdum
2242 3033 2307 3087 de
2332 3052 2471 3103 equo

1450 3114 1653 3168 dicatur
1671 3155 1687 3181 ‚
1726 3133 1837 3167 non
1876 3124 2055 3166 tamen
2099 3110 2343 3183 ambiguo
2380 3111 2472 3164 illo

1449 3190 1702 3246 vocabulo
1724 3189 1947 3244 Ovidius
1968 3190 2024 3242 in
2046 3188 2148 3243 hac
2168 3190 2467 3243 narratione

1449 3268 1689 3338 Neptuni
1727 3284 1857 3336 opus
1884 3265 2225 3335 expressisset.
2254 3267 2471 3320 Frustra

1450 3346 1786 3402 Schirachius
1810 3346 2019 3415 objicit.
2056 3365 2201 3400 mare
2240 3345 2469 3400 texendo

1450 3426 1633 3496 effingi
1657 3444 1767 3479 non
1796 3424 2039 3495 potuisse.
2069 3425 2284 3480 Etenim
2316 3445 2469 3478 versu

1459 3505 1553 3569 ¹⁰4
1569 3541 1584 3568 ,
1613 3500 1855 3555 Arachne
1880 3522 2016 3555 mare
2040 3500 2172 3556 adeo
2205 3500 2467 3555 Mediter-

1450 3599 1677 3634 raneum
1700 3578 1935 3651 effingit3
1965 3591 2020 3634 et
2039 3580 2176 3652 apud
2209 3576 2464 3634 Claudia-

1452 3678 1586 3712 num
1610 3699 1626 3725 ,
1668 3656 1944 3725 XXXIII,
1978 3658 2075 3711 253
2098 3699 2113 3725 ,
2151 3657 2464 3728 Proserpina

1450 3735 1767 3802 oslmfimdil
1774 3754 1950 3805 aquas.
1966 3735 2038 3789 Et
2050 3736 2203 3806 quale
2219 3735 2317 3789 hoc
2331 3737 2466 3809 Nep·

1454 3815 1568 3869 tuni
1572 3812 1763 3882 fretum
1773 3815 1954 3882 suerit,
1971 3814 2134 3868 modo
2147 3813 2383 3870 vidimus.
2397 3844 2463 3858 —-

1453 3891 1606 3965 Regii
1629 3892 1795 3946 nostri
1819 3891 2016 3946 habent
2027 3891 2234 3960 serum
2259 3891 2323 3946 de
2346 3893 2464 3949 lec-

1451 3971 1593 4025 tione
1597 3970 1789 4039 fretum
1817 3969 2009 4023 merito
2025 4009 2041 4037 ,
2062 3971 2157 4025 etsi
2176 3982 2356 4025 nostro
2379 3972 2470 4025 in-

1450 4055 1669 4121 terpreti
1692 4049 1841 4104 aliter
1864 4050 2033 4103 visum
2054 4049 2149 4117 sit,
2169 4049 2469 4105 dubitatum

1449 4130 1564 4183 suit.
1586 4131 1688 4182 Ed.

1517 4209 1598 4262 80.
1622 4209 1842 4263 Sinum
1856 4248 1872 4274 ,
1918 4207 2187 4282 pingendo
2218 4205 2484 4291 exprimit·
