2975 4784
525 349 649 434 144

1066 347 1142 413 P.
1207 349 1563 417 OVIDII
1615 347 2074 417 NASONIS

518 522 553 553 »
590 488 701 561 Fit
733 487 963 575 timor,
1007 503 1076 562 et
1106 486 1344 588 pavida
1378 486 1668 589 trepidat
1698 487 2053 561 formidine
2086 504 2320 589 pectus
2355 518 2373 561 τ

519 643 556 675 »
598 609 850 684 Ultima
886 637 1104 711 prona
1134 609 1240 684 via
1270 627 1401 698 est,
1439 626 1509 685 et
1542 625 1693 706 eget
1718 609 2163 686 moderamine
2194 628 2396 686 certo.

519 767 555 798 »
592 735 784 807 Tunc
817 732 1045 821 etiam,
1080 760 1227 833 quae
1255 762 1362 807 me
1393 733 1711 833 subjectis
1740 734 1983 834 excipit
2015 733 2242 823 undis»,

520 889 555 950 »ξ
593 857 695 929 Ne
729 855 899 930 ferar
928 855 1002 928 in
1026 883 1318 957 praeceps
1340 912 1359 944 ,
1392 855 1643 956 Tethys
1678 854 1847 930 solet
1879 857 2024 957 ipsa
2055 857 2283 931 vereri.

518 1010 553 1044 »
595 977 827 1066 Adde,
867 978 1051 1079 qnod
1086 978 1361 1053 adsidua
1392 979 1649 1081 rapitur
1680 978 2000 1074 vertigine
2035 978 2306 1066 caelum3
2580 1016 2646 1071 7⁰

518 1135 553 1166 >2
595 1100 952 1203 Sideraque
985 1100 1117 1176 alta
1153 1101 1358 1176 trahit
1379 1158 1398 1190 ,
1432 1101 1758 1204 celerique
1782 1100 2118 1176 volumine
2149 1117 2433 1202 torquet.

524 1261 557 1288 »
596 1225 793 1299 Nitor
824 1226 896 1300 in
931 1225 1275 1301 adversum
1303 1257 1320 1300 :
1346 1256 1468 1302 nec
1498 1255 1639 1315 me,
1679 1226 1796 1328 qui
1827 1243 2066 1314 cetera,
2103 1226 2310 1299 vincit

516 1381 551 1412 ι»
591 1351 888 1450 Impetus
927 1377 944 1422 z
981 1366 1049 1423 et
1078 1348 1315 1450 rapido
1353 1348 1726 1423 contrarius
1760 1347 2004 1422 evehor
2036 1348 2208 1421 orbi.

572 1547 656 1600 66.
679 1549 892 1600 Paee'da.
916 1546 1076 1602 Unus
1099 1546 1310 1602 Heinsii
1337 1549 1528 1615 gelum

512 1623 689 1679 Nostri
702 1634 879 1676 autem
882 1629 1093 1691 pavida.
1101 1651 1168 1666 ·-—
1181 1627 1379 1679 Pavido
1390 1624 1531 1679 otio-

509 1720 629 1755 sum
661 1700 878 1770 quidem
918 1699 973 1754 h.
1001 1700 1035 1754 l.
1073 1711 1183 1764 θείς
1230 1700 1323 1756 sed
1358 1702 1532 1756 solent

510 1788 679 1847 poete
712 1776 983 1830 interdum
1019 1777 1098 1832 uti
1129 1777 1371 1848 epithetis
1401 1777 1530 1832 affi-

512 1854 686 1921 nibus,
702 1862 756 1907 et
774 1852 918 1907 idem
934 1854 1045 1907 sere
1058 1853 1363 1908 notantibus
1385 1854 1529 1923 quod

511 1931 847 1998 substantiva,
875 1930 1063 2001 quibus
1086 1930 1369 1988 adduntur.
1382 1929 1531 1986 Hinc

500 2010 723 2076 pavidus
758 2013 917 2061 metus
931 2046 946 2069 ,
992 2011 1135 2059 mla
1177 2009 1383 2059 se'leaete'a
1429 2015 1528 2059 ete.

515 2085 653 2140 Vide
676 2086 1067 2140 Bon-mannum.

573 2167 656 2236 67.
710 2167 906 2220 Ulte'ma
927 2183 1092 2232 prona
1132 2168 1236 2219 ub.
1268 2164 1529 2218 Ascensus

510 2242 1083 2315 propteraddivitatem
1092 2241 1275 2307 durum
1288 2242 1530 2296 medium

511 2323 633 2390 iter,
655 2332 873 2392 propter
892 2320 1245 2388 altitudinem,
1264 2320 1494 2374 terribile
1512 2341 1527 2384 ς

516 2400 812 2467 descensus,
824 2409 1042 2470 propter
1052 2411 1256 2465 casum,
1279 2397 1527 2462 difficilia

512 2479 625 2533 hec
648 2479 748 2533 tria
772 2478 927 2547 plena
949 2487 1122 2533 metus
1141 2487 1284 2530 sunt.
1317 2479 1417 2530 Ed.

579 2558 662 2630 59.
697 2558 871 2610 Tetkzze
891 2558 1036 2609 ποῖαί.
1065 2555 1210 2609 Infra
1226 2594 1243 2623 ,
1260 2554 1342 2608 lv
1360 2595 1375 2622 ,
1400 2554 1526 2608 632:

512 2640 707 2691 Pontus
727 2637 863 2690 Solis
887 2636 1085 2687 anhelis
1105 2636 1334 2702 AE'quom
1358 2635 1535 2685 tulli!

510 2720 666 2784 equtlr.
675 2713 782 2769 Sed
796 2731 894 2783 pro
912 2712 1049 2765 mari
1074 2713 1248 2764 Telbis
1261 2711 1315 2763 in
1334 2708 1530 2781 mythis

512 2794 639 2863 poni
668 2793 815 2848 solet.
841 2792 971 2845 Hac
987 2790 1147 2860 igitur
1158 2789 1296 2844 bene
1313 2799 1367 2841 et
1389 2788 1529 2842 exci-

514 2891 636 2941 pere
651 2871 853 2938 Solem,
866 2880 923 2923 et
933 2886 1066 2922 vers.
1086 2867 1200 2934 156,
1210 2885 1370 2922 mane
1382 2867 1530 2920 emit·

514 2961 625 3003 tere
649 2949 854 3005 dicitnr.
890 2948 965 3002 Et
992 2963 1138 3000 nuuc
1172 2963 1298 2998 cum
1334 2944 1528 2998 dilectu

514 3025 1105 3095 commemorant-,qnia
1114 3022 1353 3077 abnorme
1360 3022 1416 3075 in
1428 3022 1530 3091 pri·

517 3104 617 3157 mis
633 3101 881 3158 convenit
905 3102 1129 3177 Tethyi,
1145 3100 1319 3155 amita
1343 3098 1529 3154 Phoebi

512 3198 744 3251 quacum
759 3177 1531 3235 aliaconsunditur'l'hetis.Ed

584 3276 662 3328 7⁰·
686 3259 950 3324 renem.
981 3262 1211 3326 Ver-1130,
1238 3258 1531 3312 circumvo-

512 3337 662 3392 lutio.
696 3338 881 3391 cetum
906 3346 1084 3388 autem
1112 3340 1309 3404 rapitur
1318 3336 1533 3388 assMaea

515 3421 760 3484 wulfine
780 3432 844 3467 ex
866 3411 1069 3466 ratione
1087 3412 1415 3483 adspectabili
1432 3451 1448 3478 ,
1474 3421 1531 3465 et

516 3494 766 3561 opinione
818 3488 1079 3541 Veterum
1099 3528 1115 3556 ,
1162 3509 1279 3559 que
1321 3490 1361 3544 si
1404 3508 1530 3543 vera

515 3579 651 3622 esset
667 3607 682 3633 ‚
708 3578 854 3622 tanta
868 3566 1007 3619 foret
1023 3565 1168 3619 istius
1178 3568 1532 3623 conversionis

518 3644 753 3699 celeritas
779 3683 794 3709 ‚
842 3652 1093 3713 quantam
1138 3644 1364 3714 cogitare
1415 3661 1529 3698 non

515 3739 800 3792 possemus.
837 3719 949 3774 Cic.
988 3719 1140 3772 Tusc.
1174 3737 1229 3786 1,
1266 3723 1345 3773 28.
1379 3722 1528 3776 Beue

514 3800 678 3870 igitur
709 3802 930 3864 rapitur.
973 3814 1081 3863 quo
1105 3797 1267 3848 verbo
1299 3795 1532 3852 celeritas

518 3889 574 3933 et
610 3874 942 3929 vehementia
978 3871 1286 3925 declaratur.
1322 3871 1529 3928 Gutum

517 3958 688 4008 sidera
700 3993 714 4016 ,
739 3968 856 4021 qua
872 3950 922 4002 ei
934 3948 1076 4002 velut
1096 3946 1245 3999 affixa
1261 3947 1527 4016 videntur,

519 4036 688 4094 trahil,
712 4047 891 4085 secum
914 4024 1233 4094 circumagit.
1251 4025 1437 4078 Senec-
1462 4027 1529 4079 N.

524 4111 595 4178 Q.
636 4109 745 4162 Vll
766 4149 781 4176 ,
830 4125 920 4172 ιο,
968 4102 1142 4158 laudat
1174 4102 1315 4157 hunc
1358 4103 1528 4173 ipsum

1623 1564 1855 1613 versum,
1872 1556 1934 1600 ut
1947 1550 2207 1614 vedige‘aeele
2226 1544 2336 1599 vim
2355 1542 2482 1598 inde
2500 1562 2654 1598 oom-

1624 1628 1811 1697 probet
1836 1664 1853 1693 ,
1895 1626 2184 1696 doceatque
2209 1664 2226 1695 ‚
2277 1634 2465 1680 notun
2511 1633 2645 1679 nolu

1626 1709 1878 1759 coatran‘o
1902 1708 2053 1757 m'nce'.

1694 1802 1771 1851 7²·
1795 1782 1949 1834 Nitor
1969 1785 2025 1833 in
2058 1783 2336 1834 adversum.
2377 1779 2450 1833 Et
2484 1799 2607 1833 mox
2626 1819 2640 1844 ,

1623 1860 1800 1927 rapido
1819 1862 2105 1912 contraries
2123 1861 2304 1912 evehor
2320 1862 2438 1910 orbi
2451 1856 2643 1930 eodem

1624 1936 1880 1991 redeunt:
1896 1940 2178 1989 contrarius
2195 1940 2332 1997 orbi,
2359 1946 2547 1989 contra
2561 1956 2647 1988 or-

1625 2016 1734 2064 bem
1749 2051 1764 2074 ,
1803 2011 1838 2064 i.
1860 2031 1907 2065 e.
1929 2011 2131 2067 edum.
2175 2011 2409 2065 Planetae
2429 2014 2644 2082 proprio

1627 2088 1858 2159 quodam
1877 2099 2030 2143 motu
2048 2089 2294 2143 seruntur
2308 2131 2324 2156 ,
2348 2099 2506 2159 atque
2524 2108 2648 2160 pau-

1624 2165 1774 2219 latim
1798 2166 1862 2219 ab
1887 2184 2072 2220 occasu
2094 2183 2271 2221 versus
2306 2176 2490 2219 ortum
2527 2184 2650 2218 mo-

1624 2255 1821 2297 ventur
1832 2283 1849 2312 ,
1867 2254 1930 2298 ut
1941 2242 2137 2298 docent
2154 2244 2479 2298 Astronomi.
2495 2243 2644 2297 Idem

1627 2321 1851 2376 Veteres
1874 2323 2128 2392 putabant
2142 2321 2206 2376 de
2222 2321 2346 2376 Sole
2361 2322 2508 2376 :vide
2525 2324 2650 2376 Ma-

1626 2400 1767 2454 crob.
1806 2400 1993 2453 somn.
2033 2399 2170 2468 Scip.
2207 2416 2230 2453 1
2248 2440 2263 2466 ,
2307 2402 2398 2463 18;
2447 2401 2649 2473 Hygin.

1628 2478 1777 2532 Poet-
1817 2478 2031 2531 Asu-on.
2071 2477 2181 2544 IV,
2216 2480 2306 2543 ι3;
2336 2478 2474 2532 Ptin.
2513 2480 2652 2533 Hist.

1626 2554 1749 2607 Nat.
1775 2553 1833 2607 11
1850 2593 1864 2620 ,
1891 2555 1923 2606 8
1940 2594 1956 2620 ,
1981 2555 2130 2624 cujus
2162 2556 2322 2608 verba
2355 2555 2652 2610 adscribere

1625 2631 1794 2701 placet
1808 2649 1822 2684 z
1838 2653 1864 2677 α
1878 2631 2144 2685 Omnium
2161 2644 2336 2686 autem
2353 2633 2652 2687 errantium

1625 2708 1860 2763 siderum
1882 2720 2089 2764 meatus
2109 2750 2123 2777 ,
2157 2711 2402 2780 interque
2427 2731 2491 2765 ea
2515 2711 2654 2765 Solis

1629 2797 1686 2841 et
1705 2786 1871 2843 Luna
1885 2828 1901 2854 ‚
1926 2788 2249 2842 contrarium
2271 2787 2475 2842 mundo
2495 2809 2652 2859 agere

1625 2885 1840 2919 cursum
1857 2906 1871 2933 ,
1891 2866 1943 2919 id
1961 2877 2071 2934 est,
2094 2866 2285 2920 levum
2309 2867 2653 2937 (Auguribus

1629 2942 1885 2997 Romanis
1901 2943 2049 3014 plaga
2063 2942 2327 2996 orientalis
2340 2946 2467 2995 Inoa
2479 2943 2649 3008 erat),

1626 3020 1716 3074 illo
1738 3039 1948 3091 semper
1960 3022 2017 3074 in
2040 3021 2274 3076 dextram
2295 3021 2562 3091 precipiti.
2581 3021 2652 3075 Et

1627 3099 1863 3168 quamvis
1902 3098 2103 3152 assidua
2147 3098 2491 3152 conversione
2532 3098 2650 3151 im-

1628 3175 1825 3230 m'ensoe
1839 3176 2115 3230 celeritatis
2139 3175 2445 3230 attollantur
2469 3175 2535 3229 ab
2553 3194 2648 3243 eo,

1625 3253 2003 3323 rapianturque
2032 3253 2092 3306 in
2118 3272 2358 3307 occasum
2375 3294 2390 3320 ,
2427 3252 2652 3306 adverso

1625 3340 1806 3384 tamen
1845 3331 1922 3384 ire
1955 3340 2106 3384 motu
2142 3350 2239 3401 per
2274 3350 2396 3385 suos
2423 3351 2649 3401 qunque

1625 3428 1817 3479 passus.
1844 3409 1924 3462 Ita
1948 3408 2063 3462 fieri
2082 3447 2099 3476 ,
2124 3427 2192 3461 ne
2218 3409 2532 3463 convolutus
2561 3429 2654 3463 aer

1627 3485 1870 3540 eamdem
1895 3485 1952 3539 in
1987 3496 2193 3556 partem
2227 3497 2426 3541 eterna
2461 3486 2654 3542 mundi

1625 3566 1882 3635 vertigine
1905 3565 2094 3635 ignavo
2119 3565 2272 3634 globo
2301 3575 2533 3635 torpeat,
2557 3563 2650 3620 sed

1628 3644 1864 3698 findatur
1880 3683 1894 3710 ,
1923 3642 2141 3696 adverso
2168 3642 2403 3697 siderum
2428 3643 2654 3697 verbere

1627 3721 1878 3775 discretus
1914 3729 1968 3773 et
2000 3719 2245 3790 digestus.
2271 3742 2299 3766 ι·
2334 3748 2402 3760 -
2426 3722 2656 3790 Impetus

1621 3797 1803 3866 igitur,
1820 3797 2095 3851 celerrima
2103 3797 2213 3851 caeli
2224 3796 2652 3866 circumvolutio,

1623 3879 1716 3943 qni
1732 3866 1914 3928 celita
1936 3874 2106 3929 sidera
2128 3879 2293 3929 vem-i!
2312 3915 2328 3941 ,
2356 3895 2541 3930 secum
2565 3895 2654 3929 ra·

1624 3952 1732 4021 pit,
1759 3953 1940 4007 Solem
1957 3957 2167 4022 quoque
2190 3971 2374 4022 rapere
2393 3952 2534 4016 vult3
2561 3952 2650 4007 ille

1623 4051 1752 4084 vero
1768 4032 1995 4086 maximo
2017 4051 2140 4085 cum
2160 4032 2336 4085 labore
2354 4041 2543 4085 contra
2561 4032 2652 4085 ni·-

1625 4107 1769 4161 titur.
1794 4111 2013 4175 Impetus
2046 4127 2182 4178 saepe
2219 4108 2283 4161 de
2314 4110 2441 4164 coelo
2480 4128 2493 4162 :
2526 4107 2649 4162 vide
