2975 4784
598 504 2223 648 LECTORIBENEVOLO

1293 776 1350 831 S.
1384 779 1447 832 P.
1479 777 1551 832 D.

388 984 393 987 ’
473 974 1124 1062 NICOLAUS
1190 976 1726 1063 ELIGIUS
1804 979 2404 1068 LEMAIRE.

366 1528 521 1631 Ex
550 1585 628 1631 eo
667 1556 847 1657 quod
879 1558 1195 1632 NASONIS
1226 1557 1507 1631 Carmen
1539 1557 1671 1632 hoc
1712 1557 1792 1633 de
1823 1586 2017 1633 rerum
2061 1558 2136 1632 T
2129 1559 2489 1656 ransfhrma-

364 1690 627 1764 tionibus
656 1749 675 1775 ,
738 1720 871 1764 non
923 1691 1153 1766 eodem
1198 1691 1595 1793 inscriptum
1640 1693 1908 1769 nomine
1957 1693 2084 1767 tibi
2129 1693 2484 1782 obveniat,

369 1851 503 1924 quo
531 1824 757 1924 priora
788 1823 920 1898 duo
943 1822 1305 1911 volumina,
1332 1851 1417 1897 ne
1441 1823 1795 1901 credideris
1817 1880 1836 1912 ‚
1865 1826 2146 1900 LEGrOR
2174 1844 2444 1899 omnm
2467 1881 2489 1913 ‚

369 1952 842 2048 transfugama
876 1953 1076 2027 nobis
1110 1952 1423 2029 defecisse
1472 1955 1688 2027 virum
1737 1953 1999 2027 consilii
2036 1955 2249 2029 nostri
2284 1956 2492 2056 parti-

368 2087 579 2188 cipem
597 2144 617 2175 ‚
644 2088 1023 2163 studiorum
1048 2087 1490 2175 hortatorem,
1517 2086 2092 2188 aemulatoremque
2122 2087 2493 2182 diligentis-

268 2314 281 2325 ·
374 2221 612 2293 simum
640 2223 705 2291 J.
734 2222 815 2293 A.
843 2222 1064 2296 AMAR
1084 2275 1104 2308 ‚
1137 2220 1288 2321 qui,
1324 2218 1672 2319 siquando
1697 2248 1734 2292 a
1753 2217 1985 2291 labore
2009 2218 2301 2319 incoepto
2331 2218 2495 2292 desi·

372 2369 543 2426 stere
569 2351 651 2424 ad
686 2369 943 2453 tempus
966 2368 1244 2453 propter
1261 2349 1704 2424 valetudinem
1733 2365 2040 2444 cogatur,
2072 2376 2198 2423 nos
2227 2377 2495 2451 quoque

371 2503 560 2582 cogat
573 2515 777 2587 opera
796 2488 1169 2588 interrupta
1187 2502 1256 2560 et
1277 2483 1638 2586 pendentia
1651 2483 2044 2584 relinquere.
2073 2482 2278 2580 Quod
2303 2511 2498 2557 omen

368 2617 485 2691 Dii
510 2635 842 2707 avertant,
872 2646 1155 2719 quornm
1191 2615 1506 2718 auspiciis
1538 2615 1852 2691 inchoata
1879 2644 1985 2692 res
2009 2633 2239 2690 nostra
2258 2671 2279 2703 ‚
2321 2633 2391 2691 et
2414 2616 2499 2690 ad

369 2749 549 2823 hunc
579 2748 752 2822 diem
774 2748 1052 2823 feliciter
1069 2749 1235 2824 adeo
1264 2767 1578 2849 provecta
1597 2805 1618 2837 ‚
1652 2766 1756 2822 tot
1775 2747 1908 2823 fere
1931 2747 2066 2823 sibi
2093 2747 2496 2835 laudatore8‚

376 2898 540 2981 quot
560 2881 741 2954 viros
755 2879 1218 2954 Universitatis
1234 2878 1502 2955 Gallica
1523 2879 1762 2953 studiis
1783 2877 2072 2953 faventes
2098 2876 2496 2975 gratulatum

376 3030 571 3113 atque
592 3011 679 3085 iis
704 3012 869 3112 ipsis
870 3011 1142 3112 finitur,
1184 3009 1287 3086 vel
1304 3011 1504 3097 iratis,
1541 3011 1658 3113 qui
1683 3039 1804 3085 nec
1820 3010 2208 3085 movendam
2230 3011 2499 3111 quidem

373 3141 570 3215 nobis
605 3142 773 3216 tanti
805 3141 1056 3217 laboris
1090 3141 1330 3216 molem
1351 3199 1370 3231 ‚
1408 3143 1776 3232 Dictator-ia
1803 3142 2227 3232 auctoritate,
2267 3168 2350 3216 ne
2399 3140 2499 3214 di-

375 3302 629 3362 camus»,
667 3274 1019 3349 subinvida
1050 3293 1269 3369 mente
1291 3330 1310 3363 ‚
1355 3275 1990 3376 pronuntiaverant!

470 3409 693 3506 Hujus
738 3408 945 3504 igitur
991 3406 1245 3497 laudis,
1295 3437 1440 3510 quae
1486 3438 1676 3511 spem
1717 3425 2105 3509 conceptam
2142 3408 2384 3482 mirum
2426 3408 2500 3481 in

373 3538 647 3611 modum
679 3541 1123 3639 exsuperavit,
1161 3557 1412 3642 partem
1444 3538 1802 3635 legitimam
1835 3540 2072 3614 referre
2112 3555 2178 3611 et
2212 3538 2398 3636 juvat
2437 3555 2503 3611 et

380 3667 565 3742 decet
596 3669 932 3743 Ovidiauo
969 3669 1355 3772 interpreti,
1404 3670 1520 3771 qui
1543 3728 1562 3759 ,
1608 3686 1967 3771 postquam
2005 3669 2076 3742 in
2113 3666 2505 3743 Praefatione

377 3799 572 3900 primi
617 3799 975 3875 voluminis
1019 3818 1149 3877 tam
1201 3801 1361 3876 scite
1398 3826 1597 3902 quam
1643 3798 1971 3897 eleganter
2011 3797 2285 3874 modum
2333 3826 2503 3899 prae-

328 4008 341 4013 ,
376 3928 521 4003 vius
554 3931 920 4031 aperuerit,
976 3960 1112 4033 quo
1148 3931 1520 4028 corrigendi
1568 3949 1815 4025 veteres
1857 3960 1932 4005 ac
1982 3927 2458 4030 interpretandi
2482 3948 2509 4014 ,·

379 4059 473 4134 sic
499 4061 977 4163 interpretatus
1001 4080 1137 4152 est,
1166 4080 1245 4137 ut
1270 4092 1339 4139 re
1360 4063 1509 4165 ipsa
1527 4063 1844 4157 vinceret,
1872 4092 2069 4166 quem
2088 4061 2223 4164 jam
2242 4057 2506 4158 eloquio
