2975 4784
648 340 1682 412 METAMORPHOSEON
1733 345 1927 413 LIB.
1977 349 2127 415 111.

2320 375 2444 445 271

337 515 374 546 κ
411 482 508 556 At
539 508 721 555 nunc
753 509 791 554 a
827 509 1035 580 puero
1066 479 1316 554 Thebae
1347 481 1689 581 capientur
1719 481 1952 556 inermi
1982 515 2000 572 ;

334 632 373 663 >v
410 598 633 694 Quem
656 624 875 697 neque
897 594 1074 669 bella
1094 596 1363 696 juvant,
1403 626 1536 672 necv
1553 597 1682 672 tela
1701 654 1721 687 ,
1747 627 1871 673 nec
1894 625 2056 675 usus
2082 631 2405 704 equorum
2434 585 2471 692 ⁹.

339 747 375 778 »
415 713 548 788 Sed
576 712 882 787 madidus
916 710 1183 813 myrrha
1213 713 1449 805 crinis,
1487 714 1853 818 mollesque
1889 747 2181 810 σοι-ουκ,

2360 745 2458 798 555

342 862 377 892 n
412 829 884 929 Purpuraque‚
917 845 985 901 et
1015 826 1216 928 pictis
1250 829 1578 904 intextum
1608 833 1904 907 vestibus
1931 863 2179 909 aurum.

344 978 378 1008 »
418 944 640 1040 Quem
669 943 934 1043 quidem
962 971 1089 1038 ego
1112 960 1437 1033 actutum,
1475 947 1679 1020 modo
1715 977 1834 1022 vos
1865 948 2197 1040 absistite,
2231 982 2460 1051 cogam

344 1093 377 1122 κ
422 1058 961 1159 Adsumtumque
992 1077 1246 1160 patrem
1268 1116 1286 1146 ‚
1324 1081 1829 1165 commentaque
1852 1094 2033 1141 sacra
2057 1068 2265 1144 fateri.

338 1210 376 1241 ι»
418 1178 529 1249 An
557 1176 715 1249 satis
746 1174 1009 1252 Acrisio
1038 1193 1141 1249 est
1172 1174 1406 1265 animi,
1439 1196 1857 1256 contemnere
1888 1212 2129 1258 vanum

342 1325 376 1355 »
416 1293 713 1377 Numen,
747 1307 816 1364 et
842 1288 1188 1385 Argolicas
1222 1290 1512 1365 venienti
1545 1293 1844 1371 claudere
1879 1317 2153 1398 portas·
2136 1357 2153 1388 ‚

2369 1321 2467 1376 560

339 1439 376 1472 »
415 1406 715 1480 Penthea
753 1406 1029 1481 terrebit
1063 1436 1213 1481 cum
1250 1408 1411 1480 totis
1447 1408 1696 1484 advena
1729 1411 2039 1487 Thebis?

340 1525 520 1596 »lte
556 1522 669 1596 citi
706 1521 1025 1618 (famulis
1057 1522 1186 1595 hoc
1220 1523 1575 1623 imperat),
1610 1525 1735 1614 ite,
1767 1527 2134 1630 ducemque

338 1671 373 1702 n
418 1635 749 1712 Attrahite
781 1636 915 1712 huc
948 1638 1243 1712 vinctum
1272 1667 1287 1711 z
1317 1639 1521 1738 jussis
1553 1668 1743 1714 mora
1772 1642 1991 1738 segnis
2027 1645 2280 1718 abesto.
2325 1679 2361 1712 »

330 1833 733 1904 vituperatione.
744 1836 1075 1900 Βάκ-ρεστ)
1087 1854 1242 1903 neque
1249 1845 1347 1888 etc.

332 1916 510 1971 Tibul.
551 1916 613 1983 Ι,
656 1932 738 1970 vn
765 1955 780 1982 ,
815 1917 918 1984 43:

328 2000 500 2049 In‘stes
512 2013 663 2054 cure,
685 2013 780 2046 nec
790 1997 956 2047 luctus
970 2032 986 2061 ,
1011 1992 1349 2063 Osiri(quem

332 2092 458 2126 cum
478 2072 685 2126 Baccho
701 2069 1097 2127 confundebant
1121 2069 1291 2125 Greci
1303 2068 1347 2139 ),

329 2151 441 2205 sed
466 2157 601 2205 ωηϊ
612 2154 773 2220 fiores
795 2190 810 2212 ,
849 2156 903 2202 e!
925 2150 1079 2218 stom
1118 2153 1351 2203 redbm'la

332 2235 616 2301 carymbin·
636 2232 776 2284 Fusa
791 2232 891 2282 sed
902 2232 980 2282 ad
1001 2235 1195 2283 teneros
1214 2234 1354 2283 lutea

321 2315 481 2379 palla
486 2315 662 2377 pedes,
689 2313 766 2363 Et
783 2311 945 2381 Tyn'ae
956 2315 1122 2362 ναίω
1132 2348 1148 2371 ,
1170 2316 1227 2362 et
1241 2313 1356 2363 dul-

328 2396 412 2443 cis
418 2394 547 2442 libia
558 2394 727 2441 cantu.
743 2386 811 2440 Et
827 2385 893 2440 ad
901 2387 1072 2456 ipsum
1084 2385 1351 2441 Bacchum

331 2468 521 2522 Horat.
547 2465 633 2532 11,
661 2482 757 2519 xlx
778 2504 795 2531 ‚
813 2467 877 2518 25
894 2483 908 2518 ι
927 2457 1225 2533 ρωιμᾶη
1237 2467 1351 2518 cbo-

324 2548 429 2596 teis
453 2547 621 2611 aptior
639 2547 694 2595 el
702 2542 847 2610 joce&
870 2543 1108 2609 ludoque
1131 2544 1347 2605 Amas,

1515 1839 1627 1905 557.
1652 1838 1809 1890 Modo
1824 1857 1916 1891 vos
1936 1842 2185 1894 abscidite.
2209 1841 2467 1913 Plurimi,

954 1919 1069 1972 Non
1103 1920 1204 1969 tibi
1232 1923 1354 1969 sunt
1442 1916 1691 1968 adstssrle’le.
1703 1915 1925 1986 —Regii
1939 1918 2104 1970 nostri
2118 1956 2134 1983 ,
2151 1923 2467 1974 abscidite.—

1449 1989 1630 2046 Lectio
1674 1996 1912 2047 adselrlite
1953 1995 2204 2049 convenit
2250 1997 2468 2065 quidem

1446 2068 1619 2121 verbis
1664 2068 1850 2137 Eut-ip.
1887 2071 2020 2139 780,
2053 2073 2144 2125 ubi
2197 2072 2470 2136 Pentheus

1445 2156 1673 2200 scutatos
1688 2158 1741 2200 et
1755 2149 1959 2216 equites
1973 2152 2157 2204 arcessi
2172 2150 2319 2218 jubet
2335 2190 2351 2217 ,
2373 2152 2468 2205 sed

1448 2245 1560 2280 non
1609 2228 1827 2297 perinde
1873 2230 2108 2284 moribus
2153 2242 2207 2285 et
2250 2233 2468 2286 consilio

1447 2306 1675 2360 Penthei
1702 2326 1731 2360 e
1755 2308 2027 2363 notatione
2051 2309 2228 2365 Ovidii
2249 2312 2345 2364 sibi
2369 2332 2467 2366 ar-

1446 2394 1611 2453 rogat.
1632 2386 1919 2448 Absit-lile,
1936 2387 2130 2440 scilieet
2146 2407 2174 2440 a
2190 2389 2345 2443 sacris
2366 2410 2470 2443 no-

1447 2483 1540 2517 m.
1563 2490 1631 2506 ·-
1650 2465 2018 2532 Adsunpmu,
2046 2485 2222 2534 quern
2217 2467 2355 2520 falso
2373 2469 2471 2522 sibi

1447 2551 1672 2609 arrogat.
1702 2541 1820 2607 xl,
1859 2544 1970 2615 789.
1990 2570 2058 2583 —
2077 2545 2473 2613 Adsumlunque

324 2641 427 2673 non
440 2626 530 2672 sal
537 2622 747 2673 idoneus
756 2619 1204 2688 Pugnaeseneban‘s
1216 2659 1230 2681 ,
1262 2622 1360 2673 sed
1438 2627 1673 2686 palmus·
1653 2657 1670 2684 ‚
1701 2621 1895 2673 Jovem
1910 2640 2069 2689 quem
2091 2624 2378 2676 ementitus
2394 2633 2472 2676 est

325 2702 458 2751 edem
484 2700 642 2749 Pacis
662 2716 777 2749 ems
796 2699 990 2750 medius
1007 2700 1141 2751 belli.
1175 2696 1352 2750 Etiam

327 2775 625 2831 secundum
642 2775 821 2844 Eurip.
838 2778 962 2848 4ι9,
991 2786 1132 2830 amat
1159 2779 1351 2832 3262&-

329 2877 486 2930 τειραν
509 2859 705 2923 εἰρήνην.
728 2879 796 2894 -·
817 2855 985 2907 Cn'm’s
1014 2853 1209 2909 Bacchi
1234 2872 1352 2923 pas-

324 2936 431 2989 sim
444 2931 831 2990 laudaturzvid.
846 2931 911 2986 ad
928 2952 1060 2986 vers.
1078 2935 1191 3000 421.
1207 2932 1352 2986 Eum

329 3032 524 3068 ornare
542 3012 754 3066 solebat.
777 3011 961 3081 Eurip.
978 3012 1076 3077 234
1091 3030 1105 3064 z
1121 3021 1352 3079 ξουθοῖσιν

329 3097 663 3166 βοστρύχοισιν
687 3097 899 3157 εὔκοσμος
925 3094 1086 3157 κὸμην.
1119 3116 1188 3129 ·-
1217 3090 1352 3141 Μα-

327 3173 515 3236 de'dus,
541 3168 817 3222 delibutus.
843 3168 1236 3238 Unguebantur
1257 3187 1352 3221 au-

332 3261 447 3303 tem
479 3247 702 3301 Veteres
733 3244 892 3302 etiam
917 3246 1034 3299 oleo
1058 3245 1309 3317 myrrheo
1334 3284 1352 3312 ‚

328 3325 404 3380 de
427 3326 576 3393 cujus
602 3324 898 3394 prestantia
913 3323 1018 3375 vid.
1042 3322 1106 3375 ad
1129 3323 1179 3378 X
1196 3361 1212 3390 ,
1239 3326 1354 3376 500.

326 3432 403 3445 -
424 3406 611 3457 Molles
643 3423 864 3466 corona,
903 3421 1097 3472 nempe
1138 3401 1354 3456 hedera·

324 3499 442 3539 cea
456 3522 471 3548 ‚
492 3481 632 3538 unde
649 3480 883 3534 Bacchus
893 3484 1195 3548 κισσοκὸμηςι
1212 3480 1353 3531 Sem-

308 3583 421 3631 per
442 3563 624 3613 hedera
646 3568 864 3628 tempora
891 3566 1065 3614 uincta
1082 3566 1235 3628 gerit,
1254 3560 1354 3613 Ti-

320 3643 439 3697 bul.
458 3642 541 3696 111
562 3682 579 3707 ‚
601 3657 663 3694 vt
682 3676 698 3702 ,
722 3664 769 3695 2.
789 3640 1022 3696 Hedera
1036 3651 1213 3693 autem
1229 3642 1354 3691 mol-

317 3722 494 3775 litudo
528 3720 778 3773 tribuitur
800 3738 831 3772 a
863 3719 1044 3788 poetis.
1068 3718 1217 3787 Virg.
1242 3716 1354 3770 Ed.

319 3799 387 3849 V
402 3839 419 3864 ,
446 3800 526 3853 31.
550 3825 618 3838 —
639 3798 720 3852 De
738 3817 988 3866 purpurea
1001 3797 1191 3851 Bacchi
1211 3807 1353 3849 veste

314 3875 434 3932 vid.
452 3877 670 3931 Salmas.
684 3876 748 3929 ad
765 3876 1077 3929 Tertulliau.
1088 3873 1153 3926 de
1166 3873 1350 3940 Pallio,

318 3979 386 4030 p.
410 3957 527 4030 329.
560 3957 749 4009 Talem
772 3956 931 4009 etiam
972 3956 1243 4007 Homerus
1259 3992 1275 4020 ,
1301 3952 1354 4006 h.

313 4034 524 4090 Bacch.
566 4037 596 4087 5
622 4073 639 4100 ,
674 4034 725 4087 ei
760 4034 956 4087 tribuit.
989 4056 1056 4072 ·-·
1091 4036 1255 4086 Picus
1288 4048 1354 4083 eo

312 4119 463 4185 ipso,
485 4113 630 4184 quod
647 4134 837 4168 aurum
853 4115 1126 4169 intextum.
1147 4113 1222 4178 II,
1241 4111 1352 4180 734.

1447 2709 1672 2768 patrem.
1692 2703 1792 2753 Ed.
1805 2727 1872 2741 —
1887 2702 2272 2771 Comme-nmque
2288 2720 2441 2755 sacm
2451 2743 2466 2766 ,

1446 2778 1692 2834 conficta.
1723 2780 1827 2831 Ed.

1519 2863 1630 2929 559.
1643 2858 1733 2911 An
1747 2863 1880 2911 satis
1893 2860 2117 2912 Ace-12:1⁶0.
2134 2859 2364 2913 Acrisius
2379 2859 2475 2913 Ar-

1448 2934 1691 3005 givorum
1705 2954 1796 2992 rex
1810 2974 1826 3003 ‚
1851 2936 2068 2990 occlusis
2081 2938 2244 3006 portis
2259 2976 2274 3003 ,
2296 2955 2471 3005 neque

1448 3012 1629 3066 Deum
1677 3013 1820 3066 bunc
1863 3013 1888 3084 (
1910 3014 2249 3079 Bacchum),
2293 3033 2470 3084 neque

1448 3111 1592 3146 saera
1606 3091 1765 3161 ipsius
1779 3091 2004 3146 admisit.
2021 3094 2121 3144 Ed.
2140 3118 2209 3133 -
2222 3092 2304 3144 De
2324 3091 2472 3145 Acri-

1448 3171 1528 3225 sio
1544 3170 1812 3224 Bacchum
1827 3182 2110 3239 spernente
2126 3169 2229 3223 vid.
2248 3170 2347 3238 IV,
2369 3171 2472 3224 606

1447 3265 1560 3315 sqq.
1581 3246 1688 3299 Sed
1709 3249 1877 3312 Argos
1893 3246 2041 3299 Deus
2055 3246 2139 3299 ille
2159 3248 2324 3301 serius
2346 3266 2473 3316 pro-

1448 3327 1617 3380 fectus
1631 3336 1728 3380 est.
1753 3324 2118 3394 Apollodorus.
2158 3326 2332 3380 Etiam
2363 3328 2472 3380 Eu-

1448 3402 1602 3473 ripid.
1623 3420 1698 3455 xx
1714 3441 1728 3468 ,
1755 3402 1861 3470 ipse
1887 3412 2066 3455 narrat
2082 3443 2097 3469 ‚
2123 3403 2332 3456 Thebas
2355 3403 2474 3471 pri-

1449 3500 1595 3535 mam
1610 3500 1719 3534 esse
1739 3480 1956 3534 Graecia
1972 3482 2159 3536 urbem
2181 3523 2195 3550 ,
2215 3483 2474 3551 quamin-

1452 3558 1619 3612 trarit.
1640 3584 1707 3596 —
1735 3561 1956 3620 Vanum,
1985 3560 2125 3628 quod
2144 3579 2252 3613 non
2278 3570 2354 3612 est
2370 3578 2472 3612 nu-

1449 3654 1594 3689 men.
1608 3663 1678 3675 -
1689 3637 1928 3697 Penthea,
1946 3656 2068 3690 cum
2086 3637 2338 3707 emphasi,
2351 3657 2465 3707 pro,

1450 3735 1539 3768 me
1560 3753 1575 3780 ,
1602 3713 1785 3768 confer
1810 3715 1978 3778 XIII,
2006 3738 2084 3785 17,
2110 3717 2196 3770 ubi
2215 3717 2370 3786 Ajax,
2404 3715 2472 3770 de

1452 3793 1640 3865 Ulysse
1665 3798 1902 3846 :anulus
1917 3795 2123 3862 Ajace‘s.
2146 3822 2214 3834 —
2242 3799 2471 3848 Aduena.

1452 3873 1687 3928 Bacchus
1713 3892 1872 3942 quem
1908 3893 2016 3926 non
2043 3874 2210 3928 civem
2240 3874 2470 3945 agnoscit

1452 3953 1724 4007 Pentheus
1742 3993 1757 4019 ‚
1789 3953 1988 4006 nedum
2031 3953 2224 4008 Deum.
2263 3956 2361 4005 Ed.
2402 3976 2469 3991 --

1449 4034 1530 4087 Ile
1547 4039 1645 4087 citi
1664 4045 1760 4087 etc.
1787 4032 1992 4086 Confer
2014 4034 2128 4086 355.
2151 4061 2218 4074 ·-
2237 4035 2432 4084 Ducem
2446 4064 2463 4089 ,

1450 4123 1669 4168 venerat
1691 4112 1835 4165 enim
1858 4130 1980 4165 cum
2004 4112 2296 4164 comitibus.
