2975 4784
568 323 691 416 ¹94

1117 320 1194 384 P.
1255 316 1606 387 OVIDII
1669 316 2160 391 NASONIS.

565 500 597 529 »
637 462 819 548 sint,
849 486 1116 560 precor,
1154 458 1280 531 ista
1314 455 1490 531 malo
1524 485 1541 530 ε
1569 483 1697 529 nos
1725 486 1962 531 vanum
1990 458 2366 559 spernimus
2391 489 2606 538 omen.
2643 501 2674 536 υ

549 582 686 653 Nec
723 593 1012 677 coeptum
1045 574 1321 648 dimittit
1356 574 1523 659 iter;
1564 574 1968 675 dominoque
1999 575 2320 674 jacentem

554 697 721 770 Cum
748 694 981 792 juvene
1016 689 1368 764 Haemonio
1399 689 1640 765 vidisse
1679 690 2019 767 Coronida
2051 710 2292 765 narrat.

550 814 799 884 Laurea
834 807 1099 908 delapsa
1135 824 1274 895 est,
1312 806 1539 880 audito
1574 807 1845 881 crimine
1867 862 1887 896 ‚
1918 807 2206 893 amanti;

2580 832 2681 884 600

547 929 638 1000 Et
675 924 921 1026 pariter
956 922 1312 1022 vultusque
1344 923 1493 997 Deo
1517 978 1537 1010 ,
1574 921 2066 1023 plectrumque,
2106 920 2430 1025 colorque

547 1042 814 1119 Excidit
842 1071 857 1114 z
892 1058 1100 1142 utque
1135 1040 1398 1113 animus
1431 1038 1682 1112 tumida
1716 1038 2010 1113 fervebat
2043 1038 2128 1112 ab
2165 1039 2299 1127 ira;

550 1160 745 1232 Arma
780 1155 1050 1230 adsueta
1084 1155 1300 1255 rapit;
1336 1153 1715 1254 flexumque
1748 1183 1783 1228 a
1820 1152 2136 1227 cornibus
2169 1182 2393 1228 arcum

540 1274 826 1360 Tendit3
863 1290 927 1346 et
961 1270 1073 1345 illa
1104 1300 1227 1344 suo
1268 1271 1468 1345 toties
1503 1301 1653 1345 cum
1686 1289 1954 1371 pectore
1982 1269 2212 1367 juncta

538 1389 908 1464 Indevitato
946 1387 1200 1486 trajecit
1230 1404 1507 1487 pectora
1544 1386 1699 1461 telo.

2577 1409 2679 1461 6⁰5

538 1510 679 1581 Icta
711 1505 892 1586 dedit
920 1503 1239 1599 gemitum
1261 1559 1280 1590 ‚
1319 1519 1663 1603 tractoque
1692 1530 1730 1576 a
1763 1501 2031 1576 vulnere
2066 1499 2241 1575 ferro

543 1621 841 1698 Candida
873 1620 1174 1721 poeniceo
1210 1617 1506 1720 perfudit
1537 1620 1834 1693 membra
1870 1647 2105 1693 cruore
2134 1648 2152 1706 3

606 1820 716 1891 598.
728 1819 961 1875 Domino,
979 1814 1223 1884 Apollini.
1239 1817 1338 1868 Ed.
1350 1842 1418 1854 —
1431 1816 1554 1868 Cum

523 1897 710 1964 juvene
732 1896 1006 1946 Haemonio.
1035 1891 1297 1945 Hesiodus
1319 1892 1376 1944 in
1399 1893 1551 1963 frag-

539 1983 723 2028 mento
737 1992 765 2025 a
787 1971 1044 2026 Strabone
1068 1981 1273 2024 servato
1293 1990 1307 2024 ε
1327 1974 1395 2027 ὅτι
1412 1965 1553 2039 ἰσχὺς

536 2057 787 2113 Εἰλατίδης
801 2063 920 2117 ‘iffae
934 2055 1149 2124 Κέρωνιν.
1166 2048 1356 2119 Ischyn
1372 2059 1552 2102 autem

532 2129 729 2200 Apollo
752 2127 947 2198 sagittis
965 2126 1206 2180 confecit.
1223 2125 1379 2197 Apud
1407 2126 1552 2179 Pin-

537 2208 647 2261 dar.
684 2205 841 2279 Pyth.
876 2222 943 2258 111
962 2245 978 2272 ‚
1020 2204 1086 2271 46
1105 2244 1120 2271 ,
1166 2224 1279 2275 sqq.
1330 2204 1552 2275 Delphis

534 2305 746 2340 versans
759 2284 860 2337 hoc
874 2284 1078 2338 rescivit
1096 2304 1191 2354 per
1208 2295 1375 2338 artem
1399 2303 1550 2338 suam

534 2363 813 2418 fatidicam.
839 2361 947 2417 Sed
968 2363 1217 2431 quoniam
1237 2381 1423 2416 corvus
1444 2362 1551 2416 avis

536 2441 792 2512 auguralis
814 2480 829 2506 ,
859 2451 1136 2510 propterea
1163 2440 1205 2493 is
1229 2439 1435 2494 additus
1459 2441 1550 2493 sa-

531 2519 681 2572 bute.
720 2518 803 2569 De
828 2519 1121 2579 Harmonia,
1150 2514 1271 2569 vide
1298 2535 1456 2586 supra
1480 2516 1549 2570 ad

534 2614 745 2651 versum
770 2594 882 2661 543.

593 2675 712 2728 600.
741 2670 1124 2727 Amanlihabet
1141 2688 1251 2724 non
1270 2670 1367 2723 nisi
1386 2689 1548 2739 quar-

531 2763 613 2805 tus
640 2750 907 2805 Palatinus
925 2786 940 2813 ,
970 2745 1112 2800 unde
1139 2746 1389 2800 Heinsius
1408 2764 1547 2800 rece-

528 2834 617 2902 pit.
650 2834 915 2889 Amantes,
944 2825 1085 2897 quod
1111 2836 1399 2895 agnoscunt
1423 2824 1548 2878 reli-

530 2912 618 2980 qui
637 2951 652 2978 ,
688 2921 767 2965 est
803 2906 1110 2977 ambiguum
1129 2943 1143 2970 ,
1188 2912 1460 2973 potestque
1493 2911 1547 2956 et

528 3008 653 3044 cum
674 2993 849 3041 laurea
869 2996 1064 3038 etcum
1083 2981 1304 3036 crimine
1325 2981 1546 3049 conjun-

532 3066 597 3134 gi.
629 3093 694 3105 -
719 3063 897 3118 Nostri
921 3059 1146 3130 Codices
1175 3057 1324 3128 Regii
1348 3056 1546 3110 habent

528 3147 778 3205 amantem
812 3141 921 3195 haec
937 3138 1090 3193 lectio
1109 3176 1125 3206 ,
1150 3136 1244 3191 etsi
1264 3135 1507 3206 ambigua
1525 3174 1542 3202 ,

524 3225 702 3275 forsan
728 3239 849 3273 vera
873 3230 965 3274 est.
991 3222 1092 3272 Ed.

591 3302 705 3354 601.
756 3301 1030 3368 Vultusque
1060 3300 1173 3351 Deo
1173 3333 1304 3351 ......
1336 3296 1543 3348 excidit.

536 3382 718 3433 Vultus
751 3381 945 3431 excidi!
981 3377 1028 3430 ei
1060 3416 1075 3442 ,
1125 3377 1273 3444 cujus
1314 3372 1543 3426 hilaritas

526 3467 763 3511 mutatur
780 3456 835 3509 in
857 3451 1259 3509 sollicitudinem
1276 3461 1329 3504 et
1346 3469 1545 3504 moero-

523 3553 653 3587 rem.
670 3537 820 3587 Color
828 3534 1033 3589 excidit.
1059 3548 1224 3599 quum
1236 3528 1441 3584 vultum
1460 3547 1543 3582 oc·

520 3623 678 3682 cupat
694 3613 875 3682 pallor.
896 3609 1238 3663 Contrarium
1254 3622 1333 3664 est
1348 3613 1541 3662 vultum

518 3696 758 3758 recipere.
782 3691 920 3743 Fast.
938 3686 1037 3753 IV,
1054 3687 1166 3739 615.
1190 3687 1338 3740 Bene
1361 3697 1540 3740 autem

518 3770 593 3824 sic
617 3778 798 3823 notata
824 3766 985 3821 animi
1012 3766 1347 3834 perturbatio.
1385 3765 1537 3819 Con-

519 3849 602 3901 ser
639 3846 719 3899 lv
741 3884 757 3910 ,
788 3846 880 3913 175
898 3882 913 3908 ,
941 3862 1053 3913 ²²9·
1085 3841 1339 3893 Similiter
1363 3842 1538 3895 Tibul.

521 3925 605 3980 lv
621 3963 638 3992 ,
673 3938 719 3976 ιι
740 3962 756 3988 ,
792 3923 859 3986 4:
896 3921 973 3971 Ne
995 3921 1095 3969 tiae·
1111 3922 1321 3969 miranti
1335 3923 1545 3983 turpiter

519 4023 664 4057 arma
678 4004 882 4056 cadant.
903 3998 1147 4065 Propert.
1173 3994 1250 4047 lv
1269 4033 1285 4060 ,
1319 4010 1375 4046 ιν
1397 4032 1413 4057 ,
1444 4014 1505 4065 ¹9
1521 4035 1536 4062 ,

522 4081 587 4133 de
622 4077 973 4149 obstupefacta
1018 4071 1218 4140 virgine
1258 4092 1271 4124 ε
1312 4073 1539 4138 Inlerquae

1631 1817 1837 1867 vuitus
1857 1815 2052 1866 excidi!
2069 1831 2197 1865 urna
2217 1830 2412 1864 muns.
2439 1811 2550 1865 Liv.
2573 1813 2635 1885 39
2647 1854 2663 1878 ,

1649 1890 1715 1957 34
1737 1909 1750 1942 :
1776 1890 1923 1943 Adeo
1937 1892 2251 1958 perturbavit
2269 1908 2334 1941 ea
2356 1909 2455 1941 vos
2475 1909 2634 1956 regem
2646 1930 2662 1946 .

1647 1974 1707 2020 u!
1717 1986 1816 2020 non
1830 1970 1987 2030 color,
2007 1985 2105 2020 non
2121 1969 2291 2020 vultus
2307 1972 2364 2020 ei
2377 1971 2665 2020 constiterit.

1713 2050 1829 2102 602.
1859 2052 2071 2104 Tumida
2085 2055 2179 2103 ira.
2201 2049 2343 2118 Quae
2365 2069 2482 2103 mox
2503 2069 2664 2120 erup-

1650 2136 1769 2179 tura
1814 2139 1893 2181 est
1936 2127 1992 2180 in
2033 2126 2320 2181 vindictam
2343 2167 2357 2194 ,
2409 2147 2617 2198 poenam
2645 2168 2661 2192 ‚

1649 2214 1803 2274 tropo
1824 2205 1989 2274 petito
2005 2204 2086 2259 vel
2112 2224 2141 2257 a
2162 2204 2474 2258 mulieribus
2497 2216 2665 2275 partu·

1648 2283 1903 2338 rientibus
1920 2324 1935 2349 ‚
1961 2284 2043 2337 vel
2068 2303 2097 2336 a
2122 2285 2348 2338 nubibus
2375 2295 2664 2355 tempesta-

1647 2372 1758 2415 tem
1784 2361 2121 2416 minantibus.
2160 2361 2298 2415 Vide
2318 2362 2579 2417 Schuetz.
2599 2363 2661 2416 ad

1648 2440 1787 2493 Plin.
1817 2458 2066 2509 panegyr.
2091 2456 2287 2493 xxvm.
2323 2467 2392 2479 —
2412 2442 2577 2508 Rapit
2598 2440 2661 2493 de

1643 2516 1847 2586 impetu
1869 2517 2135 2571 irascentis
2157 2536 2170 2570 :
2195 2517 2266 2583 V,
2281 2517 2377 2585 64,
2403 2536 2557 2571 arcus
2568 2538 2660 2570 ar-

1645 2601 1776 2664 ripit.
1788 2596 1910 2650 Hoc
1920 2595 2036 2650 loco
2048 2606 2224 2650 tamen
2232 2636 2247 2663 ,
2261 2607 2456 2667 praeter
2473 2617 2638 2651 unum
2647 2639 2660 2664 ‚

1646 2692 1832 2727 omnes
1848 2713 1863 2741 ,
1883 2677 2037 2742 capit.
2055 2674 2126 2728 Et
2145 2693 2279 2744 saepe
2297 2673 2410 2729 bac
2426 2673 2535 2728 duo
2549 2695 2664 2745 per-

1646 2761 1848 2806 mutata
1865 2761 1989 2804 sunt
2013 2750 2288 2805 alibrariis.
2321 2754 2375 2805 A
2399 2756 2658 2808 comibus.

1646 2828 1818 2897 quoad
1852 2846 2065 2882 cornua.
2105 2854 2174 2870 ·-
2209 2831 2426 2881 Pectora
2451 2830 2663 2898 jungere

1647 2926 1780 2976 saepe
1808 2900 1872 2960 de
1899 2906 2140 2976 amplexu
2171 2916 2224 2961 et
2254 2909 2553 2962 concubitu.

1709 2984 1823 3037 605.
1858 2987 2146 3039 Indere'lato
2159 3026 2172 3046 ,
2212 2996 2357 3040 certo
2380 3008 2395 3051 ;
2435 2988 2662 3042 vocabu-

1641 3060 1752 3113 lum
1778 3063 1842 3114 ab
1871 3061 1981 3131 ipso
2006 3061 2203 3116 ovidio
2226 3082 2412 3117 cusum
2430 3103 2445 3130 ,
2485 3076 2546 3119 ut
2569 3073 2660 3120 in-

1641 3141 1921 3193 declinatus
1938 3181 1951 3202 ,
1980 3142 2258 3208 &dejectus
2278 3152 2374 3196 etc.
2389 3170 2460 3183 -·-
2493 3146 2658 3197 Trac-

1639 3226 1783 3288 loqne
1803 3237 1876 3285 a‚·
1907 3240 2005 3290 pro
2037 3221 2224 3289 quibus
2251 3220 2389 3275 Cod.
2417 3223 2551 3293 Reg.
2580 3224 2655 3290 A,

1640 3294 1798 3349 habet
1830 3299 2074 3366 trajecten·
2113 3298 2250 3352 male
2283 3301 2572 3370 repetitum
2598 3320 2656 3356 ex

1640 3374 1957 3443 precedenti
1980 3375 2196 3443 trajecit.
2222 3375 2321 3430 Ed.

1704 3453 2063 3523 607.Paemiceo
2075 3496 2088 3516 ,
2104 3457 2210 3508 sive
2225 3475 2496 3526 purpureo
2507 3475 2653 3511 cruo-

1637 3550 1725 3594 re;
1753 3533 1823 3585 ita
1842 3540 2056 3604 famina·
2079 3537 2216 3602 αἱμα.
2242 3536 2489 3605 Purpura
2511 3536 2651 3589 enim

1638 3607 1795 3662 habet
1815 3613 2118 3678 nt‘eoede‘nen
2137 3618 2499 3680 sanguinean;
2525 3613 2656 3666 Cas-

1636 3688 1766 3742 siod.
1802 3688 1889 3742 lib.
1915 3690 1975 3756 1,
2015 3689 2169 3744 Varr.
2205 3693 2367 3763 Epist.
2403 3708 2466 3746 11.
2513 3691 2652 3746 Cum

1637 3784 1902 3835 purpureo
1916 3786 2103 3821 cruore
2120 3774 2348 3823 candida
2367 3770 2478 3822 sere
2491 3788 2654 3822 mem·

1635 3843 1728 3897 bra
1738 3846 2157 3915 conjunguntur,
2168 3859 2384 3902 auctore
2395 3849 2652 3901 Homero·

1634 3945 1699 3959 ·—
1746 3918 1928 3975 Codex
1980 3921 2176 3993 Regius
2221 3925 2270 3978 A
2295 3964 2311 3991 ,
2348 3944 2596 3992 purpureo
2623 3940 2644 3984 ἐ

1638 3996 1821 4054 Codex
1862 4001 1907 4053 B
1925 4039 1942 4067 ‚
1965 4008 2216 4070 pumen
2241 4023 2487 4072 purpurae
2513 4002 2653 4072 glos-

1635 4094 1744 4128 sam
1771 4077 1991 4132 redolet.
2021 4082 2122 4132 Ed.
