2975 4784
545 304 662 369 158

1088 302 1165 365 P.
1219 299 1571 368 OVIDII
1623 298 2092 367 NASONIS

534 442 740 515 Parva
771 466 1042 540 queror;
1078 465 1330 533 magnae
1360 455 1645 539 pereunt
1672 468 1822 513 cum
1852 439 2185 513 moenibus
2221 440 2463 531 urbem

535 557 834 660 Cumque
870 553 1008 627 suis
1042 567 1214 626 totas
1248 551 1521 653 populis
1557 554 1859 630 incendia
1891 574 2118 651 gentes

2558 581 2658 632 215

529 676 609 746 In
643 672 925 747 cinerem
960 686 1227 744 vertunt
1257 698 1274 743 z
1301 668 1479 744 silvae
1514 698 1664 744 cum
1694 670 2040 745 montibus
2073 670 2326 744 ardent.

527 786 738 862 Ardet
766 786 1023 874 Athos,
1052 787 1445 886 Taurusque
1483 783 1688 874 Cilix,
1724 803 1791 860 et
1815 785 2128 872 Tmolus,
2166 802 2232 859 et
2267 787 2480 874 OEte;

525 905 618 976 Et
648 930 828 975 nuuc
862 900 1068 988 sicca,
1101 900 1292 1000 prius
1327 898 1749 975 celeberrima
1786 901 2124 990 fontibus,
2160 904 2312 989 Ide;

527 1016 1012 1117 Virgineusque
1048 1013 1332 1089 Helicon
1352 1070 1372 1099 ‚
1405 1032 1474 1089 et
1508 1015 1804 1090 nondum
1836 1016 2170 1112 OEagrius
2203 1019 2491 1089 Haemos.

527 1197 757 1252 imitatus
781 1206 860 1250 est
884 1215 898 1249 ε
923 1197 1213 1263 damnique
1231 1199 1341 1247 suis
1365 1197 1543 1247 Incen-

529 1280 620 1332 de'a
638 1280 808 1330 nutrit.

596 1374 624 1406 α
633 1373 652 1405 ι
660 1355 707 1418 4.
718 1351 980 1404 Manibus.
993 1349 1190 1402 Hem
1198 1358 1323 1402 sunt
1332 1347 1541 1414 domus,

529 1427 759 1483 edificia.
784 1427 995 1493 Florus,
1019 1424 1080 1492 1,
1109 1428 1142 1492 4
1168 1445 1182 1478 t
1205 1429 1383 1478 maela
1406 1444 1545 1477 mum

526 1507 788 1572 amplexus
837 1508 928 1557 esi.
988 1500 1125 1554 Vide
1168 1500 1504 1554 Gronovium
1525 1538 1544 1566 ,

529 1582 750 1637 Observ.
784 1582 839 1634 11
854 1619 870 1648 ,
918 1601 993 1633 12.

594 1682 622 1714 2
630 1681 652 1716 ι
660 1666 705 1715 5.
732 1662 854 1713 Cum
865 1663 1181 1726 snbpopulek
1189 1666 1363 1727 gentes
1372 1677 1545 1713 unum

529 1748 685 1807 atque
697 1736 840 1791 idem
857 1756 967 1791 esse
983 1747 1133 1807 putat
1149 1735 1356 1790 Ciosan.
1368 1735 1513 1789 Male
1527 1757 1541 1801 ς

522 1821 698 1884 gentes
718 1825 770 1868 et
786 1818 990 1882 populi,
1023 1824 1115 1866 aut
1135 1818 1365 1868 παίσειε
1389 1823 1442 1867 et
1455 1833 1546 1880 po-

519 1891 901 1961 pule'diss'erunt
920 1901 977 1944 ut
996 1901 1168 1944 totum
1184 1900 1237 1943 et
1258 1910 1391 1960 pars.
1410 1890 1545 1944 Ger·

528 1972 672 2025 mani
693 1983 817 2027 sunt
831 1976 1003 2035 malim·
1022 1970 1358 2040 westphali,
1379 1970 1549 2024 Saxo-

528 2070 624 2105 nes
637 2061 692 2104 et
705 2049 892 2104 Bavari
904 2059 1030 2104 sunt
1032 2052 1226 2117 populi.
1245 2048 1366 2103 Vid.
1379 2048 1547 2103 Gloss.

532 2130 695 2185 MSS.
720 2128 897 2183 Guels.
924 2129 984 2195 1,
1009 2127 1072 2181 ad
1100 2127 1308 2182 Sallust.
1333 2126 1450 2181 Cat.
1477 2128 1546 2181 X.

529 2210 714 2263 Burm.
733 2217 987 2277 praterea
997 2216 1183 2260 monet
1194 2246 1210 2272 ‚
1223 2214 1398 2275 gentes
1410 2225 1544 2276 αρε

530 2286 657 2357 poni
682 2304 780 2355 pro
803 2284 957 2338 terris
979 2284 1059 2337 vel
1084 2283 1384 2353 regionibus
1402 2322 1418 2351 ,
1451 2282 1548 2336 id-

532 2386 635 2436 que
662 2365 785 2419 satis
807 2363 1041 2417 docuisse
1072 2362 1308 2416 Gronov.
1344 2362 1407 2415 ad
1437 2361 1547 2415 Liv.

532 2449 585 2499 V
605 2485 621 2513 ,
657 2447 737 2513 34.
772 2444 949 2498 Etiam
974 2441 1112 2512 apud
1145 2443 1369 2496 Homer.
1405 2448 1550 2510 θῦμος

531 2522 800 2579 interdum
820 2521 886 2575 de
910 2532 1051 2576 terra
1073 2520 1303 2574 occurrit
1317 2560 1333 2586 ‚
1359 2531 1419 2573 ut
1438 2518 1547 2574 Od.

533 2614 599 2668 z,
626 2603 690 2665 3;
726 2599 787 2654 Il.
809 2609 877 2666 B,
916 2601 1045 2666 5473
1081 2608 1133 2652 et
1167 2599 1240 2651 sic
1260 2617 1384 2665 gens
1408 2596 1547 2667 apud

535 2679 719 2749 virgil.
735 2675 945 2731 AEneid.
965 2676 990 2729 1
1011 2715 1025 2740 ‚
1056 2675 1168 2729 533.
1186 2674 1390 2728 Contra
1409 2681 1550 2727 teme

532 2774 629 2827 pro
651 2753 954 2809 hominibus
978 2761 1140 2805 terras
1167 2749 1513 2804 incolentibus
1530 2788 1546 2817 ,

532 2854 582 2886 ν.
609 2831 880 2886 Drakenb.
905 2828 968 2882 ad
996 2827 1090 2881 Sil.
1121 2827 1205 2881 111
1223 2866 1239 2894 ,
1269 2831 1346 2898 75.
1376 2828 1551 2897 Argu-

532 2922 674 2967 tatur
697 2913 881 2966 Burm.
907 2906 973 2962 ad
998 2905 1219 2960 Heroid.
1249 2904 1308 2973 1,
1335 2909 1400 2973 24
1416 2946 1432 2972 ‚
1458 2906 1549 2959 ubi

531 2990 589 3042 in
608 2988 795 3057 singul.
817 2993 1029 3041 carerem
1053 2984 1167 3054 plus
1187 2983 1355 3038 inesse
1373 2994 1548 3054 putat,

535 3085 693 3137 quam
712 3069 768 3119 in
793 3066 976 3136 plural.
1006 3070 1213 3118 ἅπαντα.
1239 3091 1307 3104 -
1345 3066 1549 3118 Gentes.

531 3143 661 3197 Duo
681 3141 887 3197 Coelest.
906 3154 960 3198 et
980 3162 1119 3197 unus
1145 3139 1416 3208 Ciofanus,
1432 3150 1550 3194 tum

534 3224 591 3277 in
612 3240 703 3274 ora
726 3220 813 3274 lib.
839 3222 961 3276 Urs.
993 3233 1048 3278 et
1083 3219 1312 3292 Capran.
1338 3259 1354 3287 ,
1393 3227 1553 3275 lenm

534 3321 632 3373 pro
650 3306 836 3370 gentes.
862 3326 929 3340 ·-
955 3299 1128 3355 Codd.
1147 3299 1314 3354 nostri
1328 3340 1344 3364 ,
1362 3306 1549 3367 gentes.

602 3402 715 3449 2¹7·
740 3380 908 3432 Ardet
930 3380 1101 3432 Athos
1118 3390 1217 3434 etc.
1241 3380 1552 3448 Sequuntur

535 3458 750 3527 catalogi
769 3454 1033 3508 montium
1047 3495 1063 3521 ‚
1090 3475 1212 3509 mox
1232 3455 1518 3510 fluviorum
1532 3493 1548 3521 ,

539 3536 716 3605 quales
736 3535 968 3587 intexere
1000 3543 1167 3603 poeta
1187 3535 1358 3588 solent
1373 3575 1389 3600 ,
1413 3535 1549 3587 sorte

537 3612 848 3668 eruditionis
870 3613 1194 3667 ostentanda
1217 3635 1382 3670 causa.
1407 3616 1548 3670 Nos-

526 3701 621 3760 *ter
632 3690 845 3743 consilio
858 3689 1172 3743 narrationis
1182 3691 1304 3744 satis
1321 3693 1521 3746 fecisset
1531 3728 1547 3757 ,

536 3771 579 3826 si
595 3768 919 3840 paucioribus
932 3788 993 3822 ex
1011 3779 1234 3835 utroque
1254 3788 1443 3836 genere
1459 3769 1549 3824 de·

537 3851 748 3904 functus
763 3856 910 3900 esset.
924 3873 992 3884 —
1003 3846 1186 3905 Athos,
1206 3843 1362 3898 hodie
1376 3848 1552 3901 Monle

538 3927 721 3987 Saudo,
752 3940 907 3976 mons
929 3919 1257 3974 Macedonia
1273 3958 1289 3985 ,
1312 3921 1461 3989 cuim
1482 3923 1552 3976 al.

538 4001 713 4058 titudo
733 4009 876 4055 tanta
890 4039 906 4067 ,
931 4008 991 4052 ut
1005 3996 1275 4052 cacumine
1292 3997 1550 4051 nubessu·

540 4094 691 4152 peret
714 4081 1060 4150 umbramque
1091 4085 1254 4147 usque
1288 4076 1355 4131 ad
1379 4076 1550 4132 Lem-

1637 1213 1769 1247 num
1797 1193 2024 1249 insulam
2042 1193 2297 1264 jaculetur
2314 1232 2330 1260 ,
2368 1213 2488 1264 quae
2508 1194 2654 1249 abest

1638 1274 1699 1341 87
1726 1271 1886 1325 millia
1909 1289 2154 1340 passuum
2177 1270 2346 1324 :Plim
2361 1271 2435 1323 11.
2459 1271 2529 1325 N.
2555 1272 2656 1337 w,

1645 1371 1733 1415 ης
1760 1350 1905 1404 Mela
1919 1350 1993 1417 11,
2009 1366 2075 1416 11,
2101 1352 2210 1404 130.
2228 1378 2296 1391 -
2319 1353 2530 1413 Taurus,
2553 1352 2654 1404 im-

1641 1446 1855 1481 mensus
1868 1428 2131 1481 montium
2144 1427 2517 1481 altissimorum
2532 1439 2660 1482 wac-

1640 1516 1724 1560 tus
1737 1546 1754 1574 ‚
1769 1527 1799 1559 a
1817 1505 2135 1560 chelidonio
2150 1508 2522 1577 promontorio
2546 1526 2658 1561 exo-

1641 1584 1785 1639 riens
1805 1595 1860 1638 et
1884 1594 2050 1637 totam
2074 1602 2224 1654 pene
2249 1584 2430 1638 Asiam
2454 1604 2661 1656 percur-

1639 1683 1789 1719 rens:
1808 1662 2023 1718 Curtius
2035 1663 2162 1726 Vll,
2179 1663 2226 1716 3.
2238 1665 2478 1718 Vocatur
2495 1666 2656 1726 Cilca,

1642 1741 1763 1811 quia
1776 1740 2007 1795 mediam
2024 1738 2262 1793 Ciliciam
2278 1739 2656 1794 dividic'ribut.

1643 1822 1700 1887 1,
1716 1837 1799 1875 vn
1815 1859 1831 1886 ‚
1862 1821 2444 1888 162Fn311u2s1monsos
2465 1823 2660 1875 Tam
2705 1875 2712 1884 ,

1640 1905 1758 1953 ara!
1780 1900 1985 1952 Cilicas.
2003 1927 2071 1946 -v
2099 1900 2324 1962 Tmolus,
2350 1898 2508 1952 hodie
2524 1901 2659 1952 Boz-

1640 1981 1769 2046 dag,
1814 1995 1969 2032 mons
2004 1975 2184 2049 Lydia
2199 2015 2215 2043 ,
2253 1976 2379 2030 vino
2403 1995 2661 2046 generoso

1641 2056 1829 2110 nobilis
1843 2096 1859 2124 ,
1888 2073 1951 2112 ex
1972 2073 2078 2124 quo
2099 2055 2367 2110 oriebatur
2387 2055 2660 2123 Pactolus,

1641 2133 1832 2188 fluvius
1881 2132 2074 2186 aurifer
2109 2151 2124 2184 ε
2166 2132 2246 2185 Vl
2265 2170 2282 2197 ,
2329 2136 2385 2185 15
2415 2153 2430 2195 ;
2477 2131 2663 2203 virgil.

1642 2215 1838 2284 Georg.
1861 2213 1917 2266 11
1936 2251 1951 2279 ,
1988 2213 2086 2279 98;
2111 2211 2249 2265 Ptin.
2277 2212 2349 2264 H.
2373 2212 2443 2265 N.
2469 2213 2525 2263 V
2542 2252 2557 2280 ,
2585 2234 2661 2285 ²9-

1642 2319 1710 2334 -
1728 2294 1870 2352 OEk.
1897 2301 1988 2344 aut
2006 2292 2156 2353 OElae,
2192 2290 2458 2343 montium
2475 2293 2663 2362 jugum

1644 2368 1968 2422 Thessaliam
1984 2385 2014 2419 a
2029 2365 2231 2420 Doride
2251 2377 2306 2419 et
2330 2366 2565 2422 Phocide
2585 2389 2664 2422 se·

1642 2465 1831 2515 parans
1868 2485 1884 2512 ,
1936 2444 2093 2498 exitio
2146 2444 2389 2499 Herculis
2442 2447 2624 2500 nobile
2649 2465 2663 2498 ι

1642 2523 1834 2578 Strabo
1853 2522 1933 2577 lx
1952 2562 1967 2588 ‚
2000 2542 2050 2591 p.
2068 2522 2185 2576 655.

1710 2602 1824 2654 218.
1876 2602 2039 2654 Nunc.
2073 2598 2247 2652 Codd.
2291 2600 2460 2653 nostri
2505 2601 2627 2655 RR.
2646 2642 2663 2666 ,

1643 2686 1777 2732 tuac.
1816 2705 1884 2719 ·-
1916 2679 2008 2730 ue
2022 2717 2036 2739 ‚
2083 2686 2174 2729 aut
2211 2679 2310 2730 ua
2340 2718 2354 2738 ,
2413 2696 2574 2732 mons
2610 2689 2665 2732 et

1648 2754 1825 2809 Cretae
1841 2765 1898 2809 et
1915 2754 2110 2824 Troia.
2134 2753 2292 2808 Nunc
2313 2754 2552 2822 Troiana
2567 2758 2668 2809 ua

1643 2833 1953 2904 intelligitur
1982 2874 1999 2900 ,
2068 2833 2300 2887 sontibus
2346 2832 2624 2888 abundans
2649 2875 2664 2897 ‚

1645 2910 1788 2965 unde
1811 2917 2063 2979 κολυπίδειε
2086 2911 2316 2964 Homer.
2339 2909 2398 2963 Il.
2422 2915 2458 2964 Ξ
2472 2948 2488 2974 ,
2527 2911 2628 2964 283
2649 2950 2663 2977 ,

1647 3000 1701 3043 et
1713 3008 1934 3057 aquosa,
1964 2989 2154 3043 Horat.
2171 2989 2290 3055 nl,
2316 2987 2422 3043 od.
2446 3005 2520 3041 xx
2539 3027 2556 3054 ,
2589 2993 2664 3042 15.

1646 3065 1756 3120 Sed
1783 3085 1944 3130 nunc,
1994 3085 2160 3136 quum
2192 3065 2469 3120 Phaethon
2495 3076 2665 3122 terras

1644 3143 1953 3198 incenderet
1967 3184 1988 3211 ,
2021 3149 2192 3206 sic-ca,
2216 3143 2333 3197 vide
2354 3142 2419 3196 ad
2441 3143 2498 3209 1,
2528 3144 2643 3196 321.

1711 3242 1825 3294 ²¹9·
1844 3223 2073 3275 Helicon.
2096 3220 2258 3274 Mons
2271 3220 2488 3274 Boeotioe
2502 3260 2521 3286 ,
2544 3221 2664 3274 Mu·

1644 3298 1711 3352 sis
1726 3318 1890 3365 sacer,
1905 3297 2048 3352 unde
2062 3302 2333 3366 m‘rghzeus:
2353 3289 2548 3351 Strabo
2564 3299 2663 3364 lx,

1645 3395 1696 3444 p.
1706 3371 1808 3448 ‘409
1820 3398 1834 3441 ;
1851 3376 2073 3430 Pausan.
2088 3376 2255 3429 Boeot.
2271 3378 2348 3430 28.
2359 3402 2428 3415 -
2439 3375 2661 3438 Hunos,

1645 3450 1802 3508 hodie
1826 3455 2065 3516 Bonan,
2090 3451 2421 3522 longissimus
2443 3461 2496 3504 et
2522 3451 2668 3504 altis·

1645 3530 1808 3585 simus
1830 3531 2093 3584 montium
2119 3539 2311 3584 tractus
2330 3568 2345 3596 ,
2378 3528 2666 3582 Thraciam

1647 3628 1677 3662 a
1697 3620 1843 3679 parte
1876 3607 2271 3678 septentrionali
2299 3604 2550 3660 claudens
2569 3645 2585 3672 ‚
2612 3615 2666 3658 et

1645 3706 1809 3757 usque
1828 3687 1891 3741 ad
1913 3689 2148 3742 Pontum
2168 3686 2434 3739 Euxinum
2449 3703 2667 3755 procur-

1644 3786 1768 3822 rens
1795 3787 1808 3820 :
1833 3767 1970 3821 Plin.
1997 3767 2069 3820 H.
2092 3766 2160 3820 N.
2185 3765 2302 3831 IV,
2344 3784 2418 3818 u.
2458 3763 2510 3816 Is
2549 3773 2664 3817 tum

1647 3844 1889 3897 nondum
1913 3844 1977 3897 ab
2003 3845 2189 3910 ὤμνυ
2204 3883 2217 3904 ,
2245 3860 2369 3912 rege
2390 3839 2664 3905 Thracia,

1645 3935 1792 3993 patre
1819 3923 2053 3993 Orphei,
2080 3923 2231 3990 cujus
2248 3921 2488 3975 cantibus
2514 3937 2664 3973 reso·

1646 4002 1818 4055 nuisse
1843 4001 2068 4055 traditur
2084 4040 2100 4066 ‚
2125 4018 2324 4053 nomen
2358 4001 2544 4067 OEayri
2557 3996 2669 4050 ha-

1643 4078 1802 4132 bebat
1818 4097 1832 4133 ε
1851 4077 2022 4147 orph.
2049 4078 2250 4148 Argon.
2276 4077 2363 4147 753
2385 4077 2576 4130 Horat.
2604 4075 2629 4127 1
2645 4107 2663 4134 9
