2975 4784
570 367 697 432 508

1120 367 1196 433 P.
1251 366 1601 437 OVIDII
1651 366 1848 438 NAS
1873 368 2112 438 ONIS

565 503 993 604 Innixamque
1021 505 1212 579 novis
1242 525 1505 608 neptem
1536 507 2000 609 Polypemonis
2024 507 2166 583 alis.
2272 496 2279 503 ⁵

560 620 827 720 Excipit
858 620 1027 694 hanc
1060 623 1344 717 AEgeus,
1379 624 1550 698 facto
1582 623 1989 698 damnandus
2019 624 2091 696 in
2123 650 2260 696 uno
2289 650 2307 695 z

561 741 698 812 Nec
732 739 890 813 satis
924 740 1283 840 hospitium
1317 758 1446 828 est,
1485 739 1752 814 thalami
1790 767 2056 840 quoque
2084 737 2326 812 soedere
2356 737 2590 836 jungit.

556 856 835 956 Jamque
871 855 1093 929 aderat
1120 856 1452 943 Theseus,
1487 854 1709 957 proles
1738 857 1961 951 ignara
1991 855 2283 955 parenti,

561 970 702 1065 Qui
735 969 974 1044 virtute
1005 999 1122 1045 sua
1152 971 1466 1046 bimarem
1501 990 1839 1071 pacaverat
1870 970 2180 1046 isthmon.

2571 988 2666 1058 405

562 1084 783 1182 Hujus
817 1083 887 1158 in
917 1084 1189 1159 exitium
1218 1086 1447 1161 miscet
1480 1085 1718 1161 Medea
1737 1143 1757 1174 ,
1798 1087 1978 1188 quod
2013 1085 2173 1159 olim

559 1199 892 1273 Attulerat
924 1227 1143 1274 secum
1175 1202 1497 1302 Scythicis
1530 1201 1844 1307 aconiton
1876 1203 1959 1276 ab
1998 1203 2153 1276 oris.

560 1311 736 1386 Illud
772 1315 1124 1389 Echidneae
1157 1335 1521 1391 memorant
1554 1346 1588 1390 e
1625 1317 1935 1392 dentibus
1971 1334 2193 1391 ortum

549 1430 725 1504 Esse
762 1430 938 1504 canis
969 1461 984 1503 ε
1020 1459 1253 1532 specus
1287 1450 1386 1506 est
1421 1434 1773 1508 tenebroso
1810 1462 2016 1508 caecus
2050 1432 2283 1520 hiatu;

561 1612 677 1674 51⁹2·oe
698 1603 840 1657 idem
864 1605 1005 1674 quod
1040 1612 1171 1677 φήνῃ.
1213 1607 1392 1663 Potuit
1423 1607 1568 1661 enim

561 1682 752 1738 mulier
765 1703 962 1738 nomen
981 1686 1084 1738 avis
1100 1685 1290 1740 habere
1305 1726 1319 1753 ,
1339 1686 1395 1739 in
1410 1705 1571 1756 quam

558 1774 758 1817 mutata
797 1774 874 1818 est
901 1803 917 1830 ,
962 1775 1021 1817 ut
1062 1764 1287 1836 Daphne
1332 1766 1529 1820 arboris
1551 1806 1568 1835 ,

559 1838 801 1894 Arachne
816 1859 1017 1894 aranee
1031 1851 1128 1895 etc.
1145 1841 1362 1895 Accedit
1378 1853 1431 1895 et
1442 1842 1568 1909 hoc,

559 1908 700 1987 iluod
716 1917 770 1970 in
786 1917 1135 1988 Argumento,
1161 1918 1415 1972 Lactantii
1431 1938 1570 1973 unus

560 1995 680 2048 MS.
701 1998 901 2050 Phene-n
921 1997 1091 2050 habet.
1110 1996 1484 2065 Coniecturam
1506 1998 1571 2051 il·—

555 2072 662 2126 lam
679 2112 693 2139 ,
712 2073 982 2142 probatam
1000 2085 1054 2128 et
1070 2074 1265 2128 Lenzio
1279 2114 1295 2140 ‚
1317 2074 1573 2143 recepi.—

559 2150 710 2220 Regii
725 2151 890 2204 nostri
910 2150 1037 2204 dant
1050 2151 1333 2216 justarum
1346 2154 1565 2215 Phinea

559 2246 714 2296 quam
741 2228 1019 2282 lectionem
1043 2227 1188 2283 dedit
1210 2229 1380 2282 editor
1401 2234 1574 2283 vario-

556 2324 684 2365 rum,
710 2316 762 2367 et
778 2316 1019 2375 praestare
1036 2326 1241 2360 censeo.
1256 2309 1356 2359 Ed.
1371 2334 1437 2346 —
1449 2309 1574 2359 Jus-

556 2386 755 2434 telcshna
792 2383 875 2435 illa
909 2393 1123 2436 vocatur
1145 2382 1213 2435 ob
1238 2384 1487 2452 pietatem
1515 2382 1573 2436 iu

555 2461 851 2531 conjugem.
870 2487 938 2501 —-
957 2463 1161 2529 Neptem
1183 2463 1533 2532 Polypemonis
1546 2501 1561 2524 ,

560 2537 915 2609 Halcyonem‚
942 2537 1173 2591 Scironis
1197 2537 1393 2604 filiam;
1425 2557 1569 2608 que,

561 2614 703 2683 quod
737 2633 923 2684 corpus
952 2615 1243 2685 vulgasset,
1284 2635 1314 2668 a
1348 2626 1495 2686 patre
1516 2616 1571 2669 iu

559 2712 704 2746 mare
739 2691 939 2762 dejecta
976 2693 1032 2746 in
1061 2694 1140 2746 sui
1170 2694 1397 2747 nominis
1422 2712 1573 2747 avem

560 2783 760 2826 mutata
795 2783 887 2828 est.
913 2773 1116 2827 Probus
1152 2771 1217 2826 ad
1251 2771 1531 2843 Virgilium
1553 2811 1570 2841 ,

559 2851 751 2922 Georg.
778 2850 835 2917 I,
863 2852 963 2924 399
980 2891 998 2918 ,
1021 2870 1050 2904 e
1074 2849 1375 2905 Theodoro.
1391 2877 1457 2890 ——
1478 2853 1575 2903 In-

560 2933 663 2981 ne'le'
685 2938 775 2982 aut
805 2933 908 2980 nili
929 2932 1031 2981 alet:
1066 2928 1274 2997 proprie
1299 2926 1363 2980 de
1394 2927 1572 2980 avibus

565 2998 873 3059 ‘volantibus

626 3083 738 3148 403.
773 3085 1012 3136 Thalami
1010 3078 1214 3146 sedere.
1238 3079 1275 3132 J
1278 3079 1502 3134 unianus
1519 3090 1572 3135 et

563 3160 896 3215 Florentinus
912 3200 928 3228 ,
939 3160 1151 3228 federa,
1186 3158 1326 3229 quod
1339 3178 1450 3213 non
1469 3160 1574 3213 im-

565 3236 750 3306 probat
791 3237 1146 3292 Burmannus.
1187 3236 1336 3308 Regii
1368 3237 1533 3291 nostri
1553 3276 1569 3304 ,

549 3316 740 3384 sedere
761 3317 959 3384 juna-17.
986 3344 1055 3356 —
1080 3315 1218 3371 Vide
1252 3315 1316 3370 ad
1340 3316 1441 3382 IV,
1471 3316 1539 3369 60
1553 3355 1569 3383 ,

562 3401 702 3451 taedae
715 3397 847 3462 [απ.

627 3479 741 3545 404.
765 3479 986 3546 Ignara,
1012 3476 1190 3548 ignota
1209 3516 1224 3544 ,
1259 3476 1480 3547 passive,
1512 3485 1573 3529 ut

563 3553 700 3608 VIII
722 3593 738 3621 ,
776 3557 896 3609 188:
917 3552 1018 3607 vid.
1037 3553 1264 3621 Gellius,
1291 3555 1357 3608 N.
1377 3554 1442 3607 A.
1460 3552 1537 3605 lx
1553 3590 1568 3618 ,

571 3652 589 3682 1
600 3653 644 3685 a.
664 3633 879 3703 Ignotus
895 3643 1006 3687 erat
1019 3632 1253 3687 Theseus
1270 3633 1431 3702 patri,
1451 3631 1573 3701 quia

564 3708 699 3776 apud
721 3708 992 3762 Pittheum
1016 3728 1170 3762 avum
1195 3708 1461 3763 Troesenis
1477 3727 1574 3761 na-

566 3792 648 3837 tus
665 3797 718 3838 et
730 3786 978 3840 educatus
991 3798 1104 3840 erat
1116 3809 1129 3850 ς
1146 3805 1287 3839 nunc
1300 3806 1447 3855 vero,
1463 3799 1575 3842 tan·

566 3877 725 3926 quam
749 3863 913 3933 virgo,
932 3876 1071 3919 veste
1093 3863 1238 3918 talari
1258 3873 1311 3915 et
1327 3862 1574 3919 decenter

565 3937 704 4007 pexis
737 3940 927 4008 capillis
957 3943 1198 3997 veniebat
1222 3962 1234 3995 :
1261 3942 1570 4011 Pausanias,

565 4013 723 4068 Attic.
745 4033 793 4082 p.
819 4019 895 4083 44.
919 4018 1111 4072 Medea
1134 4021 1290 4089 igitur
1312 4018 1456 4072 facile
1470 4021 1576 4074 im-

561 4090 692 4163 pulit
708 4089 891 4160 AEgea,
903 4105 1116 4164 propter
1129 4096 1439 4151 seditionem
1454 4116 1573 4152 om-

1664 1606 1752 1660 nia
1762 1616 2106 1673 metuentem,
2119 1617 2179 1661 ut
2188 1604 2412 1670 Thesea,
2425 1614 2673 1675 tanquam

1664 1685 1944 1755 hospitem,
1962 1685 2200 1739 convivio
2225 1684 2516 1753 exciperet,
2528 1696 2582 1739 et
2595 1706 2672 1739 ve-

1666 1784 1808 1819 neno
1824 1765 2043 1818 tolleret.
2056 1762 2368 1818 Plutarchus
2383 1803 2400 1828 ,
2420 1762 2581 1816 Thes.
2602 1784 2672 1816 ιι.

1732 1843 1846 1907 405.
1889 1844 1993 1906 Qui
2012 1844 2191 1891 m’rlate
2219 1857 2318 1890 sua
2350 1848 2451 1892 etc.
2487 1838 2671 1891 Totam

1664 1918 1806 1972 illam
1828 1918 1963 1972 viam
1980 1957 1996 1984 ,
2026 1935 2142 1986 qun
2159 1916 2418 1970 Troesene
2448 1915 2673 1969 Athenas

1665 1993 2186 2062 ducebat,latroniciis
2198 2005 2536 2064 purgaverat:
2548 1994 2677 2047 Pau·

1662 2075 1849 2142 sanias,
1871 2073 2113 2128 Corinth.
2128 2094 2178 2143 p.
2194 2076 2677 2127 iam—Pacaoeso-

1665 2153 1823 2207 lenne
1847 2152 1902 2206 in
1926 2151 2024 2205 hac
2045 2170 2119 2205 re.
2158 2148 2369 2203 AEneid.
2398 2150 2483 2202 v1
2502 2190 2518 2218 ,
2544 2153 2639 2204 805
2660 2170 2672 2202 :

1666 2230 1923 2284 Hercules
1932 2232 2675 2301 Eqmnlhipacamaeeaeoeq

1665 2308 1867 2363 Seneca
1894 2307 1960 2361 de
1989 2308 2174 2366 Benes.
2212 2307 2272 2372 1,
2316 2307 2376 2358 13
2404 2325 2418 2359 ε
2444 2313 2673 2359 lemn

1664 2391 1909 2455 narisque
1935 2393 2183 2454 pacatam·
2224 2384 2385 2438 Silius
2410 2384 2466 2438 11
2491 2424 2509 2451 ,
2546 2384 2666 2451 483:

1665 2468 1861 2520 Nemee
1882 2472 2111 2534 pacator.
2137 2490 2204 2505 ·-
2232 2467 2497 2517 Bina-eu.
2532 2462 2668 2516 Vide

1670 2540 1736 2595 ad
1759 2544 1833 2609 V,
1860 2545 1971 2612 407.

1731 2622 1842 2688 407.
1874 2620 2127 2673 Attonitos
2157 2620 2395 2672 omnium
2424 2633 2673 2668 veneno-

1666 2717 1789 2751 rum
1819 2698 2131 2770 ocyssimum
2153 2737 2168 2764 ,
2205 2698 2268 2751 de
2303 2715 2404 2766 quo
2431 2695 2671 2760 Plinius,

1668 2776 1900 2840 XXVII,
1923 2796 1951 2827 a
1967 2786 2021 2829 et
2036 2776 2066 2827 3
2083 2798 2097 2839 ;
2117 2774 2516 2846 Theophrastes.
2538 2773 2675 2827 Hist-

1667 2853 1823 2923 plant.
1843 2853 1945 2918 lx,
1965 2853 2363 2907 16.—Aconitoae
2385 2853 2585 2907 dictum
2599 2862 2676 2905 est

1670 2931 1847 2993 ἇεότὴς
1865 2931 2023 2993 &ahu
2039 2969 2059 2997 ,
2081 2930 2181 2984 hoc
2196 2942 2277 2985 est
2298 2950 2326 2984 a
2351 2941 2505 2985 caute
2522 2969 2539 2997 ,
2560 2930 2677 2998 quia

1666 3008 1725 3061 in
1746 3008 1978 3061 cautibus
2003 3008 2248 3061 nascitur.
2280 3009 2381 3060 Ed.
2401 3009 2677 3060 —Echid-

1667 3104 1796 3147 nee,
1823 3085 1945 3154 quia
1970 3082 2233 3138 Cerberus
2254 3103 2317 3137 ex
2344 3083 2583 3138 Echidna
2601 3101 2676 3134 or·

1669 3172 1780 3216 tus:
1800 3161 2286 3231 Hesiodus,Theog.
2303 3162 2435 3225 308;
2452 3161 2679 3229 Quintus

1669 3239 2006 3312 Smyrnoeus,
2031 3240 2140 3306 vl,
2167 3239 2278 3292 261.

1734 3323 1845 3391 4⁰9-
1878 3320 2064 3385 Specus
2096 3324 2176 3369 cs!
2198 3358 2211 3379 ‚
2255 3316 2545 3371 Acherusia
2570 3355 2587 3381 ,
2624 3316 2677 3368 in

1667 3394 2144 3468 Mariandynorum
2168 3394 2391 3462 tinibus,
2418 3396 2483 3449 ad
2510 3396 2681 3450 Hera-

1668 3472 1833 3526 cleam
1851 3473 2126 3526 Ponticam
2149 3511 2164 3538 ,
2186 3492 2283 3541 per
2297 3489 2679 3541 quemspecum

1667 3551 1771 3603 iter
1785 3561 1864 3603 est
1886 3548 1950 3602 ad
1974 3550 2184 3604 inferos.
2213 3550 2448 3617 Plinius,
2475 3550 2555 3603 vl
2579 3590 2596 3617 ‚
2626 3570 2679 3611 ις

1669 3627 1846 3693 Mela,
1876 3627 1936 3694 1,
1978 3644 2070 3680 xix
2098 3665 2117 3693 ,
2156 3629 2253 3695 54,
2276 3627 2451 3698 ibique
2486 3626 2682 3681 Schott.

1671 3705 1777 3759 Per
1792 3724 1915 3759 eum
1931 3724 2143 3776 specum
2166 3704 2463 3759 Cerberum
2477 3707 2541 3758 ab
2552 3706 2684 3759 Her·

1668 3786 1783 3839 cule
1802 3796 2089 3840 extractum
2106 3797 2371 3840 memorat
2388 3796 2440 3839 et
2456 3784 2682 3849 Plinius,

1667 3865 1903 3930 xxvn,
1923 3885 1968 3916 a.
1984 3865 2110 3917 Jam
2127 3865 2389 3934 quoniam
2412 3882 2604 3935 magna
2618 3861 2684 3915 ihi

1667 3950 1864 3998 aconiti
1892 3945 2039 4014 copia
2057 3985 2073 4012 ,
2100 3944 2224 3997 inde
2264 3945 2443 3998 sabula
2477 3945 2541 3998 de
2574 3945 2683 4011 ejus

1669 4022 1872 4092 origine
1889 4033 2003 4077 orta
2010 4025 2269 4078 .-Cecas
2278 4064 2295 4090 ‚
2315 4024 2584 4088 ohscmua
2596 4038 2683 4075 ca-

1669 4099 1953 4170 liginosus„
2038 4150 2049 4160 .
