2975 4784
647 385 1736 459 METAMORPHO'SEON
1794 387 1985 453 LIB.
2044 387 2104 452 1.
2177 405 2183 411 ·

2359 410 2443 476 59

317 535 448 610 Sed
486 532 744 620 timuit,
781 561 865 605 ne
902 530 1070 604 sorte
1106 558 1289 604 sacer
1316 545 1415 602 tot
1441 527 1526 602 ab
1557 525 1828 621 ignibus
1859 524 2061 598 aetber

319 657 724 758 Conciperet
754 653 1047 728 flammas
1070 708 1090 741 ‚
1129 651 1504 750 longusque
1539 647 1902 722 ardesceret
1936 648 2092 720 axis.

2347 666 2448 718 255

318 782 483 853 Esse
522 805 792 879 quoque
824 777 894 849 in
929 775 1083 849 satis
1117 774 1602 861 reminiscitur,
1640 769 1863 845 adfore
1900 788 2188 871 tempus,

320 901 481 997 Quo
514 927 731 988 mare,
768 926 904 999 quo
940 894 1170 985 telluS,
1208 911 1646 995 correptaque
1679 892 1862 989 regia
1899 890 2036 965 caeli

325 1109 529 1163 Placuit
552 1126 680 1178 ergo
703 1126 868 1177 genus
885 1103 1182 1159 humanum
1202 1108 1342 1158 de'lu-

324 1194 401 1240 n'o
436 1187 792 1257 (κατακλυσμῷ)
828 1183 1064 1254 perdere.
1090 1184 1210 1237 Hoc
1234 1183 1341 1237 de-

324 1264 583 1318 scribitur.
607 1263 714 1316 Sed
730 1261 838 1314 duo
855 1302 871 1329 ‚
899 1261 987 1330 qui
1011 1263 1211 1316 ceteris
1234 1281 1340 1314 an—

328 1341 636 1395 tecellebant
650 1341 840 1409 pietate
853 1380 869 1406 ,
885 1351 1163 1393 servantur
1176 1380 1191 1406 ,
1207 1343 1344 1394 Deu-

327 1423 525 1480 calion,
564 1417 874 1471 Promethei
903 1429 958 1470 et
986 1417 1245 1470 Pandora
1276 1418 1345 1471 fi·-

328 1498 449 1563 lius,
476 1506 533 1549 et
552 1498 777 1565 Pyrrha,
806 1495 921 1564 ejus
942 1495 1134 1562 conjux
1151 1537 1164 1557 ,
1203 1494 1346 1565 Epi-

330 1576 529 1629 methei
582 1574 705 1627 filia.
778 1575 855 1628 Hi
902 1574 1156 1644 lapidibus
1201 1575 1346 1642 jussu

331 1652 612 1708 Themidis
648 1653 793 1721 iactis
840 1671 1005 1722 genus
1048 1652 1345 1706 humanum

330 1731 624 1785 restituunt
651 1749 666 1782 t
701 1730 766 1782 cf.
800 1729 1039 1801 Apollod.
1063 1730 1121 1798 1,
1143 1747 1255 1797 vn,
1283 1751 1343 1795 ²3

334 1809 539 1881 Hygia.
549 1808 654 1861 sab.
675 1808 781 1860 153.
794 1808 969 1862 Etiam
983 1807 1344 1878 Apollod.111‚

334 1902 438 1939 vm
455 1926 471 1952 ‚
503 1908 529 1938 α
547 1924 565 1952 ,
590 1895 645 1938 et
671 1885 845 1938 schot.
872 1886 1053 1956 Eun-ip.
1079 1885 1144 1940 ad
1170 1887 1349 1941 orest.

342 1965 490 2032 1546,
521 1963 623 2017 hoc
640 1962 894 2016 diluvium
918 1974 1034 2034 post
1059 1975 1111 2018 et
1133 1977 1348 2036 propter

340 2041 589 2114 Lycaonis
621 2040 705 2094 vel
739 2041 973 2094 filiorum
1003 2043 1201 2096 facinus
1233 2044 1348 2096 im—

342 2121 557 2173 missum
580 2131 816 2174 narrant.
851 2121 1043 2176 Noster
1063 2122 1224 2192 igitur
1257 2122 1349 2175 has

346 2198 539 2251 fabulas
572 2199 645 2252 ita
679 2201 983 2269 conjunxit,
1024 2211 1081 2255 ut
1115 2219 1211 2270 pro
1244 2219 1350 2254 una

346 2274 525 2328 haberi
548 2277 755 2346 possint.
778 2279 887 2332 Nos
908 2290 1087 2331 tamen
1111 2279 1353 2347 sejunxi-

345 2371 463 2407 mus
479 2393 495 2419 ,
522 2364 583 2406 ut
608 2366 729 2409 sunt
750 2355 964 2410 diversa:
989 2358 1105 2410 loco
1127 2369 1180 2410 et
1204 2367 1354 2410 tem-

340 2452 482 2501 pore.
511 2434 619 2487 Res
642 2445 817 2488 antem
836 2435 909 2489 sic
929 2434 1103 2489 babet.
1132 2435 1355 2489 Deuca-

338 2512 463 2579 lion,
476 2534 521 2567 a.
544 2517 673 2583 1574
683 2526 805 2568 ante
822 2534 980 2568 eram
997 2514 1210 2574 Christ..
1226 2527 1355 2570 tem·

342 2613 462 2661 pore
486 2592 691 2647 Granai
708 2633 723 2657 ,
750 2611 813 2648 ex
834 2594 955 2646 Asia
973 2595 1119 2647 venit
1135 2594 1186 2646 in
1205 2594 1358 2648 Grae-

340 2675 497 2738 ciam,
523 2684 581 2728 et
605 2674 830 2743 subjecit
850 2672 945 2726 sibi
973 2671 1260 2745 Lycoream
1291 2672 1355 2726 ad

343 2752 685 2805 Parnassum:
705 2751 825 2804 vide
841 2752 1083 2804 Marmor
1102 2749 1357 2803 Arundel.

345 2829 397 2893 Ι,
421 2831 537 2882 init.
564 2830 748 2897 Huius
773 2840 922 2881 aetate
947 2828 1090 2880 fluvii
1119 2828 1358 2881 Thessa-

344 2905 417 2959 liae
438 2946 455 2973 ,
492 2906 717 2976 copiosis
739 2905 991 2957 imbribus
1014 2904 1185 2968 aucti,
1224 2903 1360 2972 ripas

346 2984 529 3052 egressi
552 2994 681 3037 sunt
699 3022 714 3048 ,
750 3001 1103 3051 magnamque
1129 2981 1356 3034 Thessa-

344 3058 425 3112 lin
445 3071 499 3114 et
520 3061 803 3114 vicinitatis
827 3070 1028 3129 partem
1060 3069 1359 3112 vastarunt:

351 3137 589 3206 Apollod.
613 3139 662 3192 d.
683 3139 716 3191 l.
732 3178 748 3204 ,
763 3149 816 3192 et
834 3139 1045 3191 Aristot.
1064 3138 1292 3190 Meteor.
1314 3136 1358 3200 1,

356 3219 432 3282 14.
464 3216 757 3270 Deucalion
792 3235 920 3269 vero
940 3255 955 3279 ‚
988 3216 1076 3284 qui
1105 3216 1361 3285 effugerat

346 3295 492 3349 illam
504 3296 704 3349 cladem
723 3337 738 3363 ,
763 3307 819 3349 et
834 3296 1049 3349 sortasse
1068 3294 1119 3346 in
1138 3296 1362 3346 Parnas-

345 3392 466 3426 sum
481 3394 537 3428 se
558 3383 859 3443 receperat,
882 3391 1005 3426 mox
1020 3373 1253 3425 Athenas
1270 3390 1364 3422 ve-

344 3453 427 3506 n'it
457 3452 524 3505 ad
553 3451 831 3505 Cranaum
849 3490 866 3516 ,
903 3451 1128 3519 ,Iovique
1164 3448 1364 3521 Phyxio

344 3532 414 3584 oh
436 3532 662 3584 salntem
684 3532 968 3600 prestitam
995 3528 1249 3598 ternplum
1274 3547 1366 3579 ex-

344 3611 524 3664 citavit
546 3629 560 3663 :
585 3608 707 3663 vide
729 3610 986 3662 Marmor.
1012 3605 1216 3660 Arund.
1240 3605 1295 3668 1,
1322 3624 1366 3673 7.

346 3687 626 3741 Diluvium
651 3707 781 3757 ergo
805 3686 935 3741 illud
950 3685 1367 3740 Deucalioneum

345 3765 415 3818 ad
429 3776 631 3835 partem
646 3778 852 3820 tantum
865 3764 1080 3820 Graeeiae
1095 3759 1367 3832 pertinuit;

344 3843 445 3897 sed
473 3863 640 3913 quum
664 3844 836 3898 Graeci
860 3861 955 3913 per
978 3841 1191 3894 colonos
1210 3837 1374 3893 Phoe-

342 3921 517 3975 nicius
540 3921 732 3991 aliquid
758 3915 1151 3990 accepissentde
1176 3913 1373 3978 diluvio

344 3997 620 4054 Noachico
653 3997 934 4052 universali
954 3989 979 4061 ,⁸
997 3989 1373 4046 accommoda-

344 4087 476 4130 runt
512 4078 566 4131 ei
609 4075 1049 4130 Deucalioneum.
1101 4069 1284 4139 ltaque
1322 4077 1376 4119 et

348 4155 591 4208 Romani
611 4162 933 4223 putaverunt
949 4190 966 4217 ,
992 4149 1135 4203 illam
1155 4143 1376 4202 inunda-

1437 1103 1640 1156 tionem
1680 1100 1747 1154 ad
1792 1100 1996 1155 Italiam
2034 1119 2246 1169 qnoque
2283 1098 2456 1168 perti-

1436 1180 1646 1234 nuisse:
1678 1179 1816 1232 Plin.
1844 1179 1915 1231 H.
1940 1179 2010 1231 N.
2036 1176 2150 1241 111,
2187 1179 2257 1241 ¹4·
2293 1175 2455 1228 Deu-

1437 1258 1607 1312 calion
1644 1275 1770 1310 vero
1795 1255 2086 1308 habebatur
2117 1253 2322 1322 generis
2343 1252 2457 1304 hu—

1436 1337 1582 1389 mani
1622 1344 1967 1399 restaurator,
1991 1333 2184 1404 partim
2211 1331 2331 1401 quia
2361 1330 2457 1383 di-

1438 1431 1641 1482 spersos
1660 1411 1901 1464 homines
1920 1410 2125 1480 collegit
2143 1408 2360 1478 (Justin.
2381 1406 2456 1470 11,

1443 1507 1504 1544 vt
1520 1531 1535 1558 ,
1561 1511 1580 1543 ι
1597 1492 1673 1556 ι),
1699 1489 1892 1560 partim
1911 1488 2030 1558 quia
2047 1487 2457 1556 copiosissimam

1441 1568 1644 1639 prolem
1672 1567 1881 1637 reliquit
1907 1581 1921 1613 t
1945 1564 2060 1619 vide
2086 1564 2310 1616 omnino
2333 1563 2461 1616 Go-

1442 1658 1584 1719 guet.
1618 1650 1743 1700 ibet
1776 1650 1875 1698 den
1922 1647 2181 1712 Ursprung
2220 1645 2311 1696 der
2353 1645 2458 1695 Ge-

1439 1734 1602 1786 stae,
1632 1736 1758 1787 etc.,
1789 1734 1917 1777 tom.
1947 1724 2032 1789 11,
2054 1743 2105 1794 p.
2129 1723 2194 1774 23
2215 1741 2326 1791 sqq.

1509 1806 1621 1870 254„
1644 1805 1800 1855 Sacer
1818 1812 1916 1855 etc.
1942 1801 2083 1869 Quia
2101 1800 2286 1855 caelum
2307 1798 2456 1853 sedes

1442 1881 1699 1935 Deorum.
1728 1881 1905 1933 Etiam
1921 1878 2116 1931 Gra-cis
2131 1877 2321 1931 dicitur
2349 1883 2463 1948 ἔιρές

1442 1963 1591 2036 εἶθ-ἥρ·
1620 1956 1739 2010 vide
1765 1955 1987 2008 valken-
2014 1954 2235 2008 Diatrib.
2275 1954 2462 2023 Eut-ip.

1443 2039 1573 2108 p.49
1600 2063 1667 2075 —
1684 2036 1904 2101 Longus,
1933 2043 2012 2097 ut,
2045 2032 2314 2098 123,lon51’
2331 2034 2466 2082 sula-1

1444 2123 1499 2167 et
1516 2153 1532 2179 ,
1566 2113 1657 2165 136
1675 2152 1690 2178 ,
1716 2115 1899 2178 longus
1919 2113 2077 2161 mnes.

1518 2193 1630 2241 255.
1657 2191 1953 2254 Lonffusque
1972 2203 2067 2253 pro
2083 2190 2309 2250 totusque
2325 2193 2466 2238 recte

1448 2288 1513 2321 ex
1536 2266 1839 2320 melioribus
1859 2263 2057 2332 recepit
2077 2262 2261 2314 Heius.

1516 2345 1630 2397 256.
1662 2345 1797 2396 Esse
1816 2359 2005 2409 quoque
2026 2345 2081 2391 e'n
2094 2338 2250 2406 satete.
2279 2336 2471 2390 Defla-

1451 2424 1744 2496 grationem
1771 2418 1960 2474 mundi
1992 2420 2223 2472 futuram
2249 2457 2264 2479 ,
2298 2417 2472 2486 iuquit

1452 2501 1751 2556 Lactantius
1779 2538 1794 2566 ,
1833 2498 1920 2551 lib.
1956 2496 2020 2549 de
2052 2497 2137 2550 Ira
2177 2493 2315 2559 Dei,
2361 2513 2472 2564 cap.

1454 2595 1597 2634 xxnx
1615 2618 1628 2644 ‚
1664 2577 1941 2631 vaticinata
1968 2584 2045 2627 est
2082 2570 2309 2644 Sibylla;
2335 2571 2473 2625 sub-

1451 2660 1666 2730 jicitque
1700 2656 1897 2709 ibidem
1931 2665 2038 2707 tres
2064 2653 2219 2705 hosce
2249 2649 2473 2705 ovidius

1452 2757 1647 2791 versus.
1690 2733 1853 2805 Quod
1881 2743 1934 2786 et
1971 2731 2158 2784 Senec.
2183 2728 2433 2798 praescivit
2453 2768 2471 2795 ‚

1456 2814 1726 2868 Consolat.
1762 2811 1826 2865 ad
1875 2808 2135 2862 Marciam
2161 2845 2177 2872 ,
2224 2805 2321 2858 sub
2364 2805 2474 2874 ipsa

1454 2892 1590 2945 calce
1615 2890 1764 2945 libri:
1791 2912 1817 2933 «ι
1849 2887 2040 2955 Quum
2076 2894 2282 2952 tempus
2305 2880 2473 2934 adve—

1454 2971 1625 3036 nerit,
1654 2986 1760 3038 quo
1781 2986 1834 3020 se
1863 2963 2096 3018 mundus
2129 2968 2475 3014 renovatur-ue

1454 3051 1762 3118 extinguat,
1788 3055 1917 3110 etc.,
1956 3052 2010 3097 et
2040 3042 2187 3094 omni
2221 3039 2474 3110 flagrante

1456 3129 1676 3181 materia
1704 3142 1816 3177 uno
1844 3123 1993 3191 igne,
2045 3119 2288 3189 quicquid
2330 3137 2474 3171 nunc

1457 3226 1521 3258 ex
1543 3203 1792 3273 disposito
1817 3201 1951 3252 lucet
1971 3238 1986 3264 ‚
2014 3196 2230 3250 ardebit.
2251 3218 2277 3241 π
2321 3193 2476 3248 Idem

1460 3285 1650 3338 Natur.
1680 3278 2051 3348 Quaestionum
2067 3314 2083 3342 ,
2108 3274 2191 3327 lib.
2221 3273 2304 3326 111
2325 3312 2340 3338 ,
2364 3291 2475 3342 cap.

1458 3378 1710 3416 xxvmzn
1734 3359 1856 3426 Qua
1871 3355 2072 3409 ratione
2090 3393 2105 3419 ,
2131 3351 2343 3421 inquis?
2371 3350 2478 3402 Ea-

1460 3438 1585 3491 dem
1605 3475 1620 3502 ,
1660 3453 1761 3503 qua
1785 3429 2124 3500 conflagratio
2156 3431 2332 3480 sutura
2358 3433 2436 3477 est
2461 3443 2475 3475 :

1460 3529 1746 3582 utrumque
1763 3512 1857 3578 sit,
1880 3527 2042 3578 quum
2063 3507 2183 3559 Deo
2203 3505 2372 3556 visum
2387 3520 2477 3554 or-
2518 3519 2522 3523 ’

1464 3595 1562 3647 diri
1600 3591 1820 3644 meliora
1847 3628 1860 3654 ,
1898 3597 2076 3639 vetera
2115 3583 2288 3634 finire.
2325 3581 2478 3648 Aqua

1465 3682 1520 3726 et
1536 3671 1669 3740 ignis
1691 3665 1914 3721 terrenis
1927 3661 2286 3715 dominantur.
2307 3658 2382 3710 Ex
2401 3657 2481 3709 bis

1463 3760 1631 3813 ortus,
1647 3757 1700 3798 et
1716 3764 1776 3797 ex
1790 3743 1869 3795 his
1881 3740 2123 3794 interitus
2137 3747 2232 3803 est,
2248 3735 2480 3788 etc.»Ed.

1533 3829 1645 3895 257.
1685 3823 1893 3890 Dogma
1928 3818 2229 3872 Stoicorum
2256 3854 2272 3880 ,
2309 3810 2480 3867 sidera

1465 3905 1658 3960 nutriri
1684 3901 2020 3964 humoribus,
2049 3896 2234 3965 quibus
2258 3893 2479 3944 absum-

1470 3988 1534 4040 tis
1551 3996 1722 4038 totum
1737 3999 1976 4036 arsurum
1995 3972 2258 4030 mundum
2279 3988 2293 4022 τ
2312 3968 2482 4019 Cicer.

1468 4064 1538 4118 N.
1553 4063 1621 4115 D.
1645 4062 1719 4128 11,
1738 4062 1829 4127 453
1847 4060 2034 4112 Senec.
2052 4052 2212 4105 Cous.
2229 4046 2290 4098 ad
2313 4043 2482 4094 Marc.

1472 4143 1566 4207 253
1585 4142 1653 4195 N.
1671 4138 1872 4206 Q.111‚
1898 4150 2030 4197 xla,
2050 4124 2355 4192 283b1imtc.
2373 4119 2484 4173 Pel.
