2975 4784
2405 379 2477 427 XI

336 495 571 570 moniae
609 510 629 547 ¹
670 494 1011 596 quondam
1047 495 1394 571 Professor
1435 495 1895 572 celeberrimus
1920 551 1938 584 ,
1994 494 2229 571 deinde
2275 496 2476 571 scho-

337 626 549 702 larum
584 629 838 702 Rector
860 682 880 715 ,
936 625 1010 700 in
1062 626 1386 702 Montensi
1420 628 1681 703 Ducatu
1712 644 1789 716 ’ς
1835 628 1996 730 qui,
2052 657 2261 730 quum
2299 657 2477 704 anno

350 787 534 861 1779
557 816 578 848 ,
630 760 969 863 specimen
994 758 1127 858 jam
1160 758 1477 833 edidisset
1510 758 1981 834 Ovidianarum
2006 757 2477 860 Metamorpho—

336 920 510 977 κου,
546 891 883 990 integrum
910 868 1083 992 opus
1107 891 1365 979 emisit,
1391 919 1574 965 anno
1614 889 1959 992 1784-87,
1995 918 2072 966 ex
2094 893 2472 968 recensione

339 1023 415 1096 Ρ.
450 1024 819 1097 Bmmnni
837 1079 858 1111 ,
895 1022 1203 1097 varietate
1237 1021 1579 1111 lectionis,
1610 1039 1680 1098 et
1710 1022 1895 1096 notis
1926 1023 2263 1124 perpetuis
2289 1021 2477 1098 illus-

334 1170 602 1227 tratum.
653 1153 865 1251 Quod
905 1152 1198 1253 quidem·
1227 1181 1399 1255 opus
1448 1153 1815 1255 perlegenti
1849 1151 2127 1228 cuilibet
2150 1209 2170 1242 ,
2223 1171 2292 1229 et
2336 1154 2477 1228 sine

338 1284 562 1359 studio
610 1285 1050 1372 examinanti,
1103 1313 1242 1360 non
1290 1285 1642 1380 indignum
1686 1285 1989 1360 videatur
2019 1340 2040 1373 ,
2098 1285 2282 1386 quod
2326 1312 2476 1358 cum

336 1418 486 1518 ipso
521 1417 767 1517 Heynii
790 1416 1077 1513 Virgilio
1119 1446 1458 1520 compares
1478 1475 1499 1508 ,
1534 1420 1740 1494 immo
1778 1419 2060 1494 fortasse
2092 1446 2434 1521 praeponas
2453 1475 2473 1508 ,
2511 1423 2520 1433 ’

338 1546 704 1622 dummodo
760 1549 1118 1625 attenderis
1149 1605 1169 1639 ,
1234 1579 1367 1651 qua
1421 1550 1777 1647 sagacitate
1810 1569 2063 1626 textum
2131 1553 2425 1627 excutiat
2455 1581 2474 1641 3

339 1680 558 1756 lucem
591 1710 671 1755 cx
698 1681 880 1757 fumo
912 1683 1025 1759 det
1053 1685 1503 1785 repentinam
1539 1704 1607 1760 et
1635 1687 1836 1786 hujus
1863 1688 2051 1788 quasi
2079 1687 2473 1789 Labyrinthi

341 1814 651 1910 ambages
679 1814 998 1903 resolvat,
1038 1833 1217 1890 certo
1250 1844 1547 1919 semper,
1598 1846 1716 1892 nec
1758 1847 2052 1920 unquam
2093 1820 2467 1919 interrupto

340 1946 454 2021 filo
477 1946 746 2021 lectoris
776 1976 1016 2043 regens
1057 1949 1333 2046 vestigia
1362 1979 1378 2023 :
1410 1978 1556 2051 quae
1591 1950 1763 2039 laus,
1793 1950 1950 2026 licet
1975 1980 2232 2027 summa
2251 2007 2270 2039 ,
2298 1949 2469 2024 nihil

342 2098 553 2155 tamen
573 2081 933 2182 Heynianae
952 2080 1276 2169 detrahit3
1300 2082 1419 2155 sed
1435 2082 1606 2156 hanc
1625 2084 1966 2184 propriam
1985 2100 2051 2155 et
2075 2081 2470 2183 peculiarem

343 2211 477 2285 sibi
505 2212 865 2287 vindicasse
894 2210 1158 2287 videtur
1181 2212 1299 2286 CL.
1335 2211 1433 2285 GI
1451 2230 1699 2299 EMG,
1728 2212 1870 2298 cui,
1900 2226 2002 2285 tot
2033 2212 2205 2285 inter
2235 2229 2304 2285 et
2333 2227 2468 2285 tam

344 2343 550 2417 varias
574 2370 793 2418 rerum
816 2344 1095 2441 figuras,
1120 2342 1465 2419 retinenda
1489 2360 1633 2417 erat
1653 2342 1724 2416 in
1756 2341 1988 2443 primis
2019 2358 2231 2442 poetae
2265 2342 2473 2442 ipsius

336 2474 543 2548 sonna
566 2530 586 2563 ,
634 2474 821 2574 cujus
863 2504 983 2550 non
1008 2475 1266 2585 ,vultum
1303 2504 1425 2549 non
1462 2475 1633 2549 color
1670 2500 1864 2559 unus,
1914 2501 2033 2548 nec
2077 2472 2170 2545 ita
2207 2469 2472 2546 daber-sus

338 2623 586 2696 tamen,
615 2625 696 2682 ut
719 2608 827 2685 sui
857 2635 1135 2710 prorsus
1165 2606 1508 2682 dissimilis
1529 2663 1547 2695 ,
1600 2606 1852 2707 quique
1880 2603 2146 2681 Proteus
2175 2603 2366 2697 alter,
2397 2620 2474 2677 ut

338 2741 603 2843 scripsit
630 2741 975 2837 ingeniose
1003 2743 1135 2842 jam
1156 2741 1435 2817 laudatae
1465 2741 1883 2816 Praefiitionis
1916 2757 2182 2827 auctor,
2211 2766 2281 2839 p.
2322 2757 2427 2811 ΧΠ
2451 2795 2472 2827 ,

333 2901 370 2945 e
397 2874 675 2948 mantibus
716 2875 981 2961 ιπίᾰὰ,
1019 2874 1193 2950 fallit
1224 2874 1498 2963 oculos,
1533 2903 1570 2948 e
1600 2873 1836 2950 vinclis
1869 2874 2081 2950 effluit
2108 2930 2128 2963 ,
2161 2902 2284 2950 nec
2317 2872 2470 2949 ideo

332 3005 553 3081 minus
569 3027 913 3109 perpetua,
930 3036 1308 3109 quanquam
1326 3008 1618 3082 variante
1635 3006 2116 3109 prodigialiter,
2128 3006 2472 3107 voluptate

335 3138 589 3213 animos
620 3139 950 3227 oblectat,
984 3137 1349 3214 in.delicias
1381 3140 1564 3240 rapit
1592 3156 1661 3214 et
1693 3139 2080 3215 suavissime
2115 3139 2386 3215 detinet.

445 3270 679 3367 Quum
730 3298 890 3345 vero
936 3270 1434 3346 desiderandum
1488 3298 1633 3346 esse
1683 3267 1991 3344 nonnihil
2043 3269 2112 3342 in
2161 3269 2469 3346 varietate

334 3397 691 3475 lectionum
728 3401 1081 3476 sensissem
1107 3458 1126 3492 ,
1182 3401 1266 3476 ad
1314 3401 1595 3497 Regiam
1627 3398 2114 3475 Bibliothecam
2156 3399 2467 3496 confugi,

334 3530 613 3607 Codices
645 3561 877 3607 omnes
908 3533 1401 3634 manuscriptos
1434 3533 1857 3635 inspecturus
1878 3586 1897 3620 ,
1935 3531 2191 3631 siquos
2222 3529 2480 3635 doctis-

332 3663 537 3739 simus
558 3666 887 3767 interpres
911 3666 1313 3762 ignorasset,
1339 3663 1441 3739 vel
1465 3663 1866 3761 neglexisset
1889 3660 2342 3738 conferendos.
2366 3663 2470 3734 Ex

330 3791 437 3866 his
481 3813 779 3871 accurate
829 3794 1088 3871 collatis
1111 3852 1132 3885 ,
1182 3796 1352 3872 duos
1392 3797 1757 3897 prese-tim
1801 3791 2249 3898 suppeditavit
2303 3790 2472 3867 XIII

396 3997 415 4029 ¹
448 3998 767 4063 Domui,
807 4018 872 4052 en
913 4001 1239 4067 Westpbale‘e.

392 4096 419 4127 ²
448 4098 506 4151 A
530 4098 736 4167 Lennep
748 4139 764 4165 ,
809 4101 941 4152 dans
963 4102 1015 4152 Ie
1035 4100 1200 4152 duchi
1219 4099 1285 4150 de
1305 4098 1454 4165 Berg.
