2975 4784
587 378 725 453 DE
779 380 1115 450 OPERE
1160 379 2198 452 METAMORPHOSEON.
2373 404 2450 479 ¹7

328 522 495 613 tias,
533 524 769 612 verba,
806 523 1128 618 imagines
1162 539 1230 597 et
1260 521 1516 623 reliqua
1550 542 1923 599 ornamenta
1947 579 1966 612 ,
2004 542 2316 625 tanquam
2342 548 2461 625 ap·-

326 657 663 759 paritores
678 653 1173 757 paratissimos,
1200 652 1517 728 scribenti
1540 670 1780 754 praesto
1804 653 2023 728 fuisse.
2053 656 2303 728 Verum
2332 650 2458 728 tale

326 788 588 885 ingenii
640 786 890 861 flumen
944 783 1344 860 lutulentum
1390 783 1724 859 interdum
1760 784 2077 872 decurrit,
2115 802 2458 885 sortesque

327 916 694 994 nonnullas
732 944 955 992 secum
984 914 1167 990 vehit
1193 971 1212 1002 ,
1264 943 1429 1014 quas
1464 943 1622 989 cura
1655 914 1943 989 secunda
1975 913 2202 988 tollere
2235 914 2454 990 debet.

329 1052 588 1125 Nostro
628 1067 845 1123 autem
875 1036 997 1149 per
1024 1045 1159 1120 fata
1188 1073 1326 1120 non
1357 1044 1552 1118 licuit
1592 1060 1985 1135 retractare,
2033 1073 2176 1145 quae
2206 1044 2459 1147 primus

327 1183 583 1280 ingenii
618 1183 909 1283 impetus
936 1179 1226 1267 suderat;
1259 1178 1436 1252 forte
1471 1196 1541 1252 et
1564 1179 1633 1251 in
1670 1179 2070 1280 quibusdam
2093 1179 2466 1276 corrigendi

332 1311 643 1387 voluntas
689 1312 1007 1387 defuisset
1039 1339 1055 1383 :
1090 1309 1313 1411 itaque
1351 1310 1463 1384 hic
1509 1308 1646 1384 illic
1690 1327 2051 1384 occurrunt
2070 1366 2089 1399 ,
2136 1338 2281 1412 quae
2315 1311 2463 1411 quis

333 1444 605 1520 sublata
638 1461 753 1519 aut
778 1440 1123 1519 emendata
1151 1439 1329 1515 velit.
1381 1441 1591 1515 Insita
1624 1442 1685 1516 ei
1714 1470 1920 1544 porro
1951 1460 2092 1517 erat
2120 1443 2329 1517 virtus
2359 1443 2466 1515 in-

334 1575 522 1672 genii
566 1604 640 1650 ea
657 1630 677 1663 ,
730 1603 879 1676 quae
914 1591 1212 1649 externas
1246 1573 1669 1674 potissimum
1703 1602 1920 1650 rerum
1966 1575 2212 1651 formas
2248 1576 2468 1650 consi-

337 1707 563 1795 derat,
585 1706 946 1808 acriterque
972 1706 1207 1794 sentit,
1236 1706 1410 1779 iniis
1432 1706 1664 1795 baeret,
1690 1734 1834 1809 quae
1855 1724 2038 1803 grata
2059 1726 2219 1782 sunt
2242 1708 2460 1782 animo

330 1855 454 1914 aut
480 1838 739 1934 ingrata
756 1893 776 1925 ,
801 1834 1161 1938 phantasiae
1189 1866 1313 1938 ope
1337 1837 1606 1927 nititur,
1633 1838 1902 1940 ejusque
1928 1869 1963 1921 e
1989 1868 2170 1940 penu
2197 1837 2457 1915 colores

337 1972 539 2073 petit,
578 1972 828 2073 quibus
876 1998 1018 2045 rem
1070 1970 1484 2072 propositam
1535 1970 1884 2046 illuminet.
1934 1975 2099 2072 Ejus
2144 1973 2409 2048 virtutis
2439 2029 2457 2061 ,

341 2132 541 2204 quam
560 2103 792 2177 Nostri
824 2101 941 2175 den
973 2102 1177 2177 Wtz
1203 2118 1471 2190 vocant,
1496 2102 1811 2204 exemplis
1838 2105 2134 2179 abundat
2162 2106 2292 2179 hoc
2321 2134 2463 2179 car-

340 2263 539 2323 men;
569 2236 651 2309 ab
685 2263 886 2335 eaque
917 2235 1060 2334 ejus
1095 2252 1329 2308 auctor
1358 2235 1722 2310 eminenter
1753 2236 2087 2334 ingeminas
2113 2253 2316 2336 poeta
2340 2265 2465 2311 vo·-

343 2382 553 2439 catur.
604 2363 816 2438 Modo
858 2393 997 2438 non
1044 2364 1413 2465 aaegutiarum
1446 2363 1744 2449 studium
1768 2420 1787 2452 ,
1820 2366 2158 2438 acuminum
2202 2368 2461 2441 venatio

333 2515 401 2571 et
421 2496 771 2597 petulantia
805 2496 1102 2597 quaedam
1137 2496 1336 2571 animi
1362 2525 1514 2570 eum
1538 2495 1784 2597 passim
1814 2495 2201 2571 avertissent
2231 2497 2316 2570 ab
2346 2525 2424 2570 eo
2442 2554 2462 2584 ,

336 2625 521 2729 quod
555 2644 807 2701 rectum
843 2645 947 2701 est
976 2645 1044 2701 et
1072 2656 1318 2703 verum.
1357 2626 1516 2701 Illas
1547 2645 1767 2702 autem
1798 2627 2049 2724 ingenii
2080 2628 2271 2703 dotes
2302 2627 2465 2703 doc-
2491 2622 2500 2629 ”

338 2761 529 2834 trinae
553 2758 850 2833 liberalis
882 2756 1133 2861 pabulo
1171 2759 1450 2850 aluerat,
1477 2751 1759 2835 lectione
1781 2779 2123 2836 auctorum
2150 2752 2466 2862 praestan-

338 2890 769 2980 tissimorum,
789 2909 1136 2991 poetarum
1156 2892 1227 2966 in
1242 2892 1499 2993 primis,
1523 2882 2113 2997 declamationibus
2133 2893 2204 2966 in
2221 2892 2465 2969 scholis

335 3025 719 3114 rhetorum,
767 3042 964 3127 atque
1017 3026 1474 3103 observatione
1514 3056 1774 3102 morum
1809 3045 1877 3137 et
1921 3011 2292 3101 studiorum
2338 3026 2466 3102 bu-

336 3185 715 3232 manorum.
748 3156 982 3258 Itaque
1013 3158 1282 3233 scientia
1306 3146 1569 3254 vigebat
1593 3156 1990 3267 elocutionis
2017 3148 2286 3260 poeticae
2305 3215 2323 3247 ,
2352 3187 2472 3239 ane

334 3287 711 3389 tiquitatis,
750 3287 953 3362 animi
996 3288 1305 3378 humani,
1358 3314 1713 3390 earumque
1755 3290 2009 3378 rerum,
2058 3288 2304 3390 quibus
2352 3288 2467 3364 ille

320 3417 779 3520 persuadetur
797 3472 816 3505 ,
853 3416 1244 3508 delectatur,
1277 3437 1600 3494 movetur.
1635 3421 1745 3495 Sic
1772 3449 1928 3517 ergo
1966 3439 2031 3495 et
2062 3450 2101 3495 a
2133 3438 2370 3494 natura
2398 3438 2467 3495 et

320 3566 583 3649 suopte
616 3547 847 3623 studio
877 3548 1198 3626 formatus
1229 3552 1507 3625 accessit
1537 3549 1620 3625 ad
1640 3581 1809 3655 opus
1829 3551 2470 3653 Metamorphoseon

314 3678 792 3756 condendum.

430 3807 857 3906 Desacihlate
878 3838 1019 3884 non
1055 3829 1185 3900 est,
1225 3812 1408 3913 quod
1441 3812 1905 3914 plura-dicam,
1940 3830 2020 3887 ut
2050 3838 2196 3912 quae
2224 3839 2368 3885 non
2402 3812 2476 3885 in

318 3936 638 4036 singulis
659 3938 859 4030 locis,
896 3942 1117 4016 sedin
1149 3958 1379 4017 tenore
1403 3946 1608 4019 totius
1634 3944 1942 4019 carminis
1969 3958 2293 4016 cernatur.
2326 3943 2484 4014 Ma-

315 4071 529 4149 aulas
572 4072 809 4172 potius
838 4070 1200 4147 nonnullas
1234 4075 1761 4151 commemorabo
1784 4130 1803 4161 ,
1841 4050 2003 4172 quas
2033 4072 2325 4170 impetus
2369 4065 2482 4140 ille

542 4227 709 4297 III.
2166 4248 2209 4286 a
