2975 4784
700 369 1769 456 METAMORPHOSEON
1821 375 2019 444 LIB.
2069 379 2177 444 11.

2381 400 2499 467 ι97

373 507 903 608 sperantemque
937 508 1070 582 sibi
1098 539 1234 583 non
1268 510 1447 585 falsae
1480 513 1749 613 praemia
1777 511 2019 609 linguae
2039 570 2059 603 ,

373 627 564 698 Inter
596 652 747 699 aves
781 623 967 697 albas
1001 626 1212 699 vetuit
1246 627 1585 703 considere
1622 657 1910 703 corvum.

477 737 562 812 V.
603 737 885 813 Semifer
916 740 1167 814 interea
1201 740 1437 816 divinae
1477 744 1708 846 stirpis
1735 744 2000 848 alumno

375 857 604 930 Laetus
640 873 813 942 erat3
847 856 1190 957 mixtoque
1227 859 1411 932 oneri
1449 860 1783 954 gaudebat
1811 860 2089 933 honore.

378 980 557 1053 Ecce
592 980 777 1052 venit
811 979 1029 1053 rutilis
1061 980 1374 1056 humeros
1406 1000 1709 1082 protecta
1744 981 2000 1083 capillis

2405 1003 2505 1057 635

382 1099 551 1174 Filia
587 1101 933 1188 Centauri3
970 1131 1166 1203 quam
1204 1102 1537 1204 quondam
1569 1105 1879 1206 Nympha
1917 1104 2265 1193 Chariclo,

378 1221 711 1297 Fluminis
743 1224 817 1297 in
844 1225 1060 1324 rapidi
1093 1225 1259 1326 ripis
1291 1226 1517 1315 enixa,
1554 1228 1810 1302 vocavit

385 1345 743 1447 Ocyrhoen
775 1375 792 1419 ε
820 1375 957 1420 non
992 1347 1128 1422 haec
1162 1365 1336 1423 artes
1369 1368 1679 1424 contenta
1705 1367 2014 1451 paternas

380 1558 723 1627 Aussaeluae,
758 1560 819 1613 P.
846 1559 872 1612 l
887 1599 902 1626 ,
928 1581 978 1630 p.
1008 1561 1089 1613 33.
1113 1560 1397 1616 Habitabat

382 1647 564 1689 autem
586 1635 785 1690 Chiron
809 1637 864 1690 in
886 1640 1009 1708 jugo
1030 1639 1164 1693 Pelii
1184 1642 1396 1695 montis.

387 1711 600 1767 Gallim.
615 1713 671 1767 h.
685 1714 802 1769 Del.
828 1735 959 1770 vers.
987 1719 1095 1784 104.

447 1792 567 1845 632.
591 1794 731 1845 Inter
744 1814 858 1848 ares
885 1799 1052 1848 albas.
1076 1797 1263 1850 Vetuit
1286 1817 1396 1854 este

381 1889 537 1923 avem
581 1869 785 1934 albanu
817 1871 911 1926 sed
939 1873 1075 1927 bene
1109 1878 1393 1938 consistere,

382 1948 560 2001 avibus
582 1949 729 2002 enim
744 1949 1047 2004 tribuuntur
1058 1954 1217 2005 sedes.
1241 1952 1397 2007 Phe-

383 2025 489 2093 dri,
514 2027 539 2079 Ι
559 2066 574 2093 ,
601 2027 703 2081 sab.
720 2044 789 2080 111
807 2068 822 2095 ,
859 2029 943 2090 =3;
965 2030 1051 2081 ubi
1075 2030 1192 2084 vide
1210 2031 1397 2084 Burm.

445 2104 560 2156 633.
582 2105 798 2173 ὁέῳιῖεν
812 2111 1002 2160 tirterea
1021 2117 1118 2160 etc.
1145 2111 1395 2179 Ocythoe,

393 2179 638 2237 Chironis
674 2184 779 2237 filia
799 2224 815 2252 ,
853 2203 964 2238 non
1000 2196 1246 2238 contenta
1275 2186 1399 2239 chi-

386 2260 643 2331 rurgicam
679 2273 852 2315 artem
895 2282 925 2315 a
953 2273 1099 2333 patre
1129 2262 1361 2317 didicisse
1381 2303 1398 2330 ,

382 2338 687 2393 futurorum
719 2340 881 2393 etiam
914 2339 1186 2393 scientiam
1223 2360 1254 2393 a
1287 2341 1401 2395 Diis

380 2414 769 2486 impetraverat.
785 2416 892 2470 Sed
907 2436 1071 2487 quum
1088 2416 1367 2485 aliquando
1381 2457 1397 2484 ,

378 2495 557 2550 invitis
592 2494 742 2562 Diis,
779 2505 833 2548 et
863 2496 996 2565 patri
1018 2506 1071 2548 et
1102 2495 1399 2564 AEsculapio

379 2572 569 2627 infanti
601 2576 708 2627 sata
745 2574 992 2628 instantia
1019 2585 1264 2640 caneret,
1302 2593 1399 2627 re·-

380 2664 541 2720 pente
564 2670 817 2706 conversa
836 2663 915 2706 est
938 2653 993 2704 in
1022 2672 1229 2722 equam.
1264 2652 1398 2705 Vide

380 2731 584 2803 Hygin.
604 2733 667 2786 P.
691 2731 755 2784 A.
780 2733 834 2786 11
853 2771 868 2798 ,
902 2735 961 2786 18
977 2772 992 2798 ,
1016 2733 1105 2802 qui
1126 2734 1292 2788 varias
1306 2733 1399 2786 hu-

379 2810 462 2876 ius
487 2809 677 2862 sabula
700 2810 919 2868 formas.
949 2811 1109 2864 etiam
1134 2830 1195 2864 ex
1216 2811 1399 2880 Eun-ip.

381 2883 689 2956 Melanippa
736 2898 789 2941 et
831 2887 1152 2943 Callimacho
1197 2891 1360 2942 refert
1383 2909 1399 2954 3

381 2975 500 3017 tum
536 2965 799 3019 Erato-th.
831 2966 905 3018 18.
943 2965 1070 3019 Sine
1105 2966 1266 3019 dubio
1296 2985 1399 3018 ve-

386 3061 509 3094 rum
544 3042 776 3096 mulieris
814 3061 1012 3096 nomen
1054 3042 1153 3096 suit
1188 3046 1359 3112 Hippo
1384 3063 1401 3096 .·

387 3118 505 3172 vide
520 3119 617 3173 638
630 3160 647 3187 ,
664 3130 719 3173 et
732 3119 854 3172 inde
875 3121 1264 3174 transformatio
1279 3120 1401 3175 ficta

388 3196 786 3264 est.-Sem1fir,
806 3198 928 3267 quia
940 3198 1159 3250 inferior
1170 3199 1401 3268 corporis

384 3277 648 3346 passeri,
676 3277 796 3346 equi
818 3317 834 3344 ,
872 3275 1097 3345 figuram
1126 3278 1400 3332 referebat.

449 3354 566 3421 634.
599 3356 766 3407 Oneri.
803 3354 1011 3423 Nempe
1045 3352 1398 3418 educationis;

381 3431 450 3486 de
465 3452 571 3502 qua
588 3439 855 3496 onerosior,
880 3433 960 3487 1x
976 3472 993 3500 ,
1018 3433 1131 3503 675.
1151 3431 1401 3488 Chironis

379 3531 483 3583 ope
508 3513 838 3583 AEseulapius
857 3514 1021 3568 sactus
1044 3522 1124 3567 est
1141 3538 1402 3590 χειρουργι-

378 3600 455 3654 ιὸς
476 3603 533 3646 et
554 3604 791 3647 venator.
817 3592 1061 3663 Apollod.
1094 3594 1212 3660 111,
1238 3610 1271 3645 x
1300 3631 1317 3659 ,
1350 3596 1399 3647 3.

377 3697 447 3709 —
464 3673 640 3733 Vena,
672 3671 882 3726 accessit
897 3670 959 3724 ad
977 3670 1135 3740 patris
1150 3681 1363 3724 antrum
1382 3711 1399 3739 ,

375 3747 435 3801 in
450 3767 557 3817 quo
570 3748 757 3801 infans.
770 3776 838 3789 —-
850 3751 1102 3811 Pmlecla,
1120 3758 1270 3801 tecta.
1291 3746 1402 3801 Ca-

378 3824 531 3894 pillos
556 3824 785 3879 habebat
816 3844 1016 3895 sparsos
1043 3825 1096 3878 in
1131 3824 1366 3879 humeris
1382 3865 1398 3894 ,

380 3922 535 3957 more
557 3902 972 3957 vaticinantium.
1008 3901 1094 3955 Cf.
1118 3902 1233 3974 673.
1263 3901 1401 3958 Pau.

379 3981 411 4035 Ι
426 4021 445 4049 ,
464 3981 564 4034 503
575 4020 592 4048 ,
611 3979 678 4033 de
695 3977 983 4034 Carmenta
994 4019 1009 4048 ,
1023 3982 1403 4048 irnmelrseirpnp-

375 4065 488 4128 pin:
508 4064 657 4113 steti!
667 4065 787 4112 aale
808 4061 1024 4125 capillis.
1037 4055 1213 4110 Tibul.
1226 4053 1312 4122 11,
1335 4073 1370 4110 v
1383 4095 1398 4124 ,

388 4137 456 4191 66
480 4152 493 4188 :
515 4136 916 4208 Jactaeasusas
932 4144 985 4192 e!
1002 4144 1158 4208 capul
1172 4143 1292 4192 ante
1313 4155 1404 4190 co-

1490 1582 1619 1616 mas.
1638 1562 1721 1617 De
1736 1566 1905 1616 rutilis
1925 1561 2145 1633 capillis,
2168 1562 2289 1615 vide
2311 1561 2373 1615 ad
2399 1563 2513 1635 3¹9·

1555 1641 1670 1694 636.
1701 1644 1949 1695 Chariclo.
1974 1640 2135 1695 MSS.
2160 1641 2314 1710 longe
2334 1640 2511 1710 pluri-

1490 1717 1566 1771 mi
1592 1719 1851 1781 Cbariclo,
1875 1718 2016 1787 quod
2040 1718 2334 1788 Naugerius
2350 1757 2366 1783 ‚
2392 1737 2511 1770 auc·

1497 1796 1706 1849 toritate
1734 1796 1950 1850 Pindari
1979 1807 2031 1849 et
2062 1795 2237 1849 Schol.
2265 1795 2512 1865 Apollon.

1495 1872 1559 1925 ad
1601 1873 1628 1925 I
1653 1913 1669 1939 ,
1716 1877 1814 1941 554
1830 1913 1846 1941 ,
1889 1875 1944 1928 in
1987 1875 2218 1927 Chariclo
2257 1874 2476 1926 mutavit
2495 1911 2512 1939 ,

1494 1969 1722 2020 eumque
1754 1951 1963 2022 sequuti
1996 1950 2182 2019 reliqui
2219 1950 2478 2004 Editores.

1559 2027 1672 2082 638.
1706 2031 1983 2100 Ocyrboea.
2008 2028 2095 2082 Sic
2112 2068 2127 2095 ,
2151 2028 2345 2081 inserta
2362 2028 2513 2080 litera

1493 2108 1528 2156 h
1545 2145 1559 2167 ,
1584 2106 1920 2159 scribendum
1945 2106 2260 2176 putavimus.
2289 2132 2356 2146 ·-
2381 2106 2514 2159 Haec

1503 2186 1730 2254 Ocythoe
1761 2185 1862 2238 suit
1896 2184 2161 2256 nympha,
2212 2183 2416 2238 Oceani
2457 2194 2512 2237 et

1498 2260 1733 2332 Tethyos
1758 2260 1890 2326 filia,
1913 2262 1985 2314 sic
2009 2260 2145 2314 dicta
2168 2260 2233 2313 ab
2260 2264 2401 2327 ὠκὺς,
2425 2280 2514 2313 ce-

1496 2345 1583 2403 ler,
1601 2351 1654 2394 et
1669 2345 1752 2417 ῥοὴ
1762 2345 1960 2409 ,fluxus
1975 2359 1992 2406 ,⁰
2012 2352 2089 2394 est
2104 2342 2248 2397 enim
2262 2339 2410 2393 velox
2421 2339 2517 2393 flu-

1498 2419 1626 2486 vius.
1642 2420 1740 2472 Ed.
1751 2446 1818 2458 —
1836 2420 2061 2489 Ocythoe
2076 2430 2172 2484 est,
2184 2418 2226 2471 si
2241 2417 2348 2471 vim
2369 2417 2514 2470 verbi

1496 2506 1696 2563 spectes
1714 2536 1728 2561 ,
1747 2513 1862 2565 quae
1875 2494 2054 2565 rapide
2071 2494 2202 2548 fluit.
2228 2493 2400 2547 Causa
2416 2512 2515 2546 no⁴

1498 2574 1610 2628 min
1618 2575 1656 2629 is
1668 2575 1897 2641 additur,
1915 2579 2162 2630 Flumineis
2175 2581 2230 2628 ia
2240 2577 2512 2640 rapeidietc.

1500 2653 1643 2706 Male
1675 2653 1834 2722 igitur
1858 2652 2044 2708 Heius.
2076 2656 2248 2720 rapidi
2276 2653 2330 2704 in
2356 2656 2518 2719 palrit

1498 2740 1764 2783 mutatum
1777 2723 2002 2795 ⁴volebat,
2019 2741 2077 2782 ut
2089 2728 2233 2782 fluvii
2248 2728 2518 2782 filiasuisse

1499 2808 1816 2877 designetur.
1832 2808 2030 2879 Hygia.
2040 2806 2090 2859 d.
2102 2807 2134 2859 Ι.
2152 2827 2165 2859 z
2179 2809 2447 2875 Euripides
2457 2810 2515 2858 in

1498 2888 1794 2953 Menalippa
1806 2925 1821 2951 ,
1836 2887 2036 2952 Hippea
2046 2925 2060 2947 ,
2083 2886 2316 2938 Chironis
2311 2886 2484 2952 filiam
2498 2921 2513 2949 ,

1507 2967 1680 3017 Theon
1696 2969 1852 3016 aulea
1861 2967 2170 3031 appellalom
2184 2966 2323 3016 dicit.
2342 2961 2517 3016 Etiam

1504 3039 1754 3094 Clemens
1781 3041 1925 3093 Alex.
1950 3039 2001 3093 d.
2026 3041 2058 3094 l.
2085 3039 2276 3106 tradit,
2306 3039 2508 3109 Hippo-

1499 3141 1625 3174 nem
1666 3121 1821 3176 suisse
1873 3120 2122 3174 Chironis
2165 3119 2325 3172 filiam
2343 3158 2359 3187 ,
2398 3138 2515 3188 quae

1500 3198 1659 3251 AEolo
1683 3198 1935 3268 nupserit.
1974 3226 2043 3240 -
2065 3199 2217 3252 Arles
2238 3205 2484 3265 paternas
2498 3236 2513 3258 ,
2578 3225 2587 3242 ι

1501 3275 1828 3329 Medicinam
1846 3315 1864 3342 ,
1890 3275 2280 3329 Astronomiam
2299 3315 2314 3341 ,
2342 3274 2516 3328 Musi-

1499 3372 1631 3407 cam.
1658 3355 1757 3407 Ed.
1789 3379 1856 3392 —-
1877 3355 2182 3408 Ede‘dekelrse.
2217 3354 2514 3406 Burmann.

1500 3452 1562 3486 ex
1583 3451 1692 3484 uno
1717 3430 1973 3484 vossiano
1986 3470 2001 3497 ,
2028 3432 2375 3485 Adde'dicaelrse.
2387 3430 2517 3482 Mox

1499 3529 1598 3580 pro
1642 3513 1862 3564 canebat
1902 3528 2000 3563 sec.
2047 3507 2212 3563 Palat.
2250 3510 2480 3560 movebat
2496 3548 2509 3568 ‚

1500 3588 1642 3656 quod
1667 3585 1952 3640 Gebhardo
1979 3585 2137 3656 Crep.
2161 3602 2235 3651 11,
2263 3588 2292 3637 5
2313 3624 2328 3652 ,
2354 3584 2517 3654 place·

1499 3665 1606 3718 bat.
1627 3663 1875 3719 Occurrit
1894 3683 2016 3718 sane
2034 3665 2196 3717 etiam
2212 3662 2361 3732 Vix-g.
2383 3661 2512 3714 AEn.

1500 3743 1553 3806 1,
1576 3742 1672 3795 262
1690 3743 1940 3811 ,satorum
1956 3761 2149 3795 arcana
2166 3745 2364 3794 movebo
2380 3756 2399 3805 ,·
2424 3737 2515 3792 sed

1499 3822 1601 3877 hoc
1617 3823 1826 3876 initium
1847 3832 2055 3877 tantum
2072 3823 2301 3876 satorum
2315 3837 2516 3874 canen-

1501 3900 1693 3956 dorum
1717 3901 1972 3972 significat
1987 3941 2003 3968 ,
2042 3920 2216 3969 neque
2251 3898 2383 3952 adeo
2407 3895 2460 3947 h.
2482 3893 2517 3952 l.

1500 3981 1762 4035 convenit.
1788 3981 1973 4034 Heius.
1999 3999 2060 4033 ex
2080 3978 2277 4032 Medic.
2303 3971 2514 4028 arride-

1499 4059 1587 4114 bat
1610 4064 1874 4123 monebam
1901 4058 2044 4128 quod
2066 4057 2289 4111 verbum
2312 4060 2390 4105 est
2413 4069 2518 4103 va-

1503 4147 1632 4191 tum.
1670 4137 1871 4192 Probat
1907 4137 2070 4191 etiam
2102 4136 2397 4188 Burmann.
2435 4129 2521 4183 cui
