2975 4784
892 435 1971 505 METAMORPHOSEON.
2397 440 2486 527 ³9

334 577 602 653 rediens
636 577 720 651 ad
751 577 1107 653 Acheloum
1140 578 1504 653 devertitur
1529 595 1596 651 et
1623 575 1982 650 Echinades
2020 573 2275 648 insulas
2315 604 2484 648 con-

338 692 572 793 spicit,
606 691 678 765 in
705 720 872 791 quas
902 691 1188 767 Naiades
1212 710 1402 768 erant
1428 721 1777 767 conversae.
1816 691 2026 790 Quod
2059 692 2150 764 ita
2184 688 2324 763 fieri
2353 719 2488 791 po-

342 810 591 895 tuisse,
624 825 913 902 negante
951 808 1256 882 Pirithoo
1276 865 1296 895 ,
1335 808 1537 883 Lelex
1571 810 1862 911 primum
1901 806 2208 882 Baucide&
2234 824 2301 879 et
2333 806 2493 879 Plu·-

341 925 597 998 Iemomk
624 923 874 1025 probat
900 923 1203 1025 exemplo
1220 980 1240 1011 ,
1274 926 1391 1025 qui
1422 926 1494 999 in
1521 926 1770 999 arbores
1793 924 2043 999 suerint
2070 922 2489 1011 commutati,

347 1042 527 1114 sicut
556 1038 775 1113 domus
801 1068 1033 1114 eorum
1076 1041 1146 1113 in
1180 1042 1504 1141 templana,
1545 1071 1619 1115 ac
1644 1070 1851 1143 pagus
1881 1042 2024 1141 ipse
2069 1038 2139 1112 in
2179 1054 2484 1138 stqqnum.

344 1155 690 1233 Achelous
722 1155 959 1230 deinde
983 1156 1204 1230 Protei
1229 1174 1297 1231 et
1330 1157 1630 1244 Mestroe,
1682 1157 2158 1232 Erisichthona
2179 1212 2198 1245 ,
2234 1173 2489 1258 patrem

344 1270 514 1346 same
548 1273 879 1347 furentem
898 1328 918 1361 ,
955 1271 1193 1346 alentis
1231 1288 1512 1347 natm-am
1546 1273 1963 1374 transfhnnem
1990 1273 2198 1347 addit.

442 1443 602 1515 Lm.
650 1444 771 1516 IX.
832 1443 1009 1515 Tum
1040 1471 1184 1516 suas
1222 1442 1470 1518 formas
1501 1444 1743 1533 refert,
1782 1473 1946 1548 quas
1985 1444 2321 1545 quondam
2347 1473 2495 1518 mu-

344 1572 594 1630 taverat
610 1614 630 1644 ,
669 1587 877 1659 quum
907 1558 1128 1659 ipsum
1154 1577 1482 1660 premeret
1510 1559 1834 1635 Hercules
1851 1617 1870 1648 ,
1907 1560 1985 1634 de
2010 1559 2325 1661 Dejam‘m
2351 1587 2490 1633 cer-

346 1691 520 1749 tans.
573 1676 762 1750 Hanc
796 1676 1035 1750 victori
1070 1677 1142 1749 in
1174 1676 1453 1778 patriam
1480 1676 1788 1752 redeunti
1831 1679 2075 1752 Nessus
2101 1704 2331 1777 rapere
2362 1703 2486 1749 vo-

346 1789 507 1876 luit;
544 1790 661 1864 sed
700 1791 1006 1866 Herculis
1041 1793 1282 1889 sagitta
1319 1809 1633 1868 venenata
1667 1791 2018 1868 confossus
2069 1792 2342 1882 cecidit,
2378 1809 2477 1881 et,

348 1934 431 1980 ne
464 1906 725 1982 inultus
750 1908 1036 2009 periret,
1066 1928 1267 2011 raptae
1299 1928 1548 1984 vestem
1584 1909 1768 1984 dedit
1801 1909 2124 2005 sanguine
2157 1937 2281 1983 suo
2323 1911 2494 1984 tinc-

354 2041 502 2097 tam.
543 2026 645 2099 Ea
682 2024 1003 2099 dubitans
1033 2025 1375 2128 aliquanto
1402 2045 1561 2128 post
1594 2026 1672 2100 de
1699 2026 1918 2100 mariti
1957 2054 2212 2115 amore,
2244 2046 2494 2102 vestem

357 2140 419 2211 ei
455 2141 642 2241 xpisit
693 2142 1031 2229 eamdem,
1069 2173 1199 2244 qua
1245 2144 1524 2216 indutus
1572 2170 1775 2241 quum
1822 2159 2392 2231 concremaretur,
2428 2161 2497 2216 et

361 2254 593 2329 Lichas
608 2255 889 2331 famulus
913 2259 1001 2332 ab
1027 2287 1107 2333 eo
1134 2284 1256 2359 per
1276 2267 1425 2330 aera
1450 2257 1694 2329 missus
1715 2258 1784 2328 in
1803 2285 2026 2330 saxum
2055 2257 2486 2353 obriguisset,

352 2373 589 2472 periit,
616 2390 718 2460 et,
742 2390 1023 2448 renovata
1046 2374 1394 2474 ejussace'e‚
1430 2375 1503 2446 in
1526 2373 1758 2447 caelum
1789 2392 1890 2447 est
1921 2374 2283 2448 traductus.
2313 2376 2490 2451 Tum

346 2490 665 2564 Alcmena
689 2508 903 2564 mater
925 2491 1009 2564 ad
1045 2490 1227 2564 Iolen
1258 2516 1506 2564 nurum
1537 2512 1615 2564 ‘se
1652 2490 1977 2579 contulit,
2015 2490 2208 2591 eique
2247 2492 2493 2566 Galan-

342 2602 567 2679 thidem
600 2607 673 2679 in
698 2607 1016 2680 mustelam
1038 2666 1055 2692 ,
1094 2626 1166 2681 et
1192 2607 1306 2681 illa
1332 2607 1620 2681 vicissim
1651 2607 1953 2714 Dryopen
1979 2636 2279 2682 sororem
2301 2636 2490 2682 suam

342 2720 410 2794 in
476 2723 647 2797 Iolao
712 2750 1097 2797 conversam
1156 2724 1465 2798 narravit.
1534 2723 1811 2798 interim
1875 2724 2260 2825 supervenit
2323 2724 2488 2826 ipsis

342 2837 567 2913 Iolaus
587 2894 629 2924 ,-
650 2857 953 2940 reparata
987 2865 1108 2940 per
1136 2840 1372 2914 Heben
1391 2840 1710 2941 juventute
1746 2869 1761 2911 :
1799 2839 1869 2911 id
1900 2838 2081 2940 quod
2112 2868 2255 2912 non
2289 2867 2488 2941 posse

347 2956 665 3029 omnibus
696 2955 1087 3051 contingere
1106 3012 1125 3043 ,
1159 2955 1428 3058 Jupiter
1462 2954 1687 3029 AEaci
1702 2952 2005 3055 exemplo
2036 2953 2249 3029 docet.
2289 2958 2488 3032 Hunc

346 3069 609 3166 fugiens
643 3070 911 3145 Miletus
930 3071 1003 3144 in
1030 3072 1255 3146 Asiam
1285 3071 1628 3157 discessit,
1662 3088 1730 3144 et
1753 3069 2085 3176 Byblidom
2113 3073 2487 3171 procreavit

350 3199 549 3284 atque
610 3183 897 3258 Caunum
914 3213 941 3270 ;
997 3186 1187 3284 cujus
1237 3184 1348 3260 illa
1402 3184 1727 3259 desiderio
1783 3184 2105 3259 tabefacta
2141 3186 2210 3259 in
2235 3187 2483 3288 fontem

348 3301 633 3374 transiit.
690 3302 867 3397 Quae
901 3300 1167 3400 quidem
1202 3328 1311 3376 res
1344 3302 1558 3397 magis
1589 3301 1758 3373 mira
1789 3301 2046 3375 cunctis
2079 3302 2218 3376 visa
2253 3319 2430 3376 esset
2462 3359 2483 3391 ,

338 3417 474 3492 nisi
502 3414 713 3519 paulo
744 3434 898 3491 ante
932 3417 1119 3519 Iphis
1138 3478 1158 3505 ,
1206 3421 1356 3521 ipso
1392 3418 1778 3520 nuptiarum
1809 3417 1915 3493 die
1938 3474 1957 3508 ,
1994 3420 2236 3493 virilem
2268 3448 2485 3495 sexmn

332 3534 723 3636 accepisset.

430 3708 592 3780 LIB.
635 3708 723 3779 X.
766 3706 895 3780 His
929 3707 1186 3809 nuptiis
1220 3708 1337 3808 qui
1371 3707 1763 3783 interfuerat
1796 3709 2195 3809 Hymenaeus
2226 3708 2310 3782 ad
2348 3709 2484 3785 Or-

313 3819 562 3923 pheum
592 3822 750 3897 inde
786 3851 856 3897 se
900 3823 1220 3914 contulit,
1256 3822 1374 3898 sed
1411 3823 1587 3899 malo
1625 3816 1846 3899 omine
1874 3881 1893 3913 ,
1941 3822 2485 3926 quandoquidem

326 3964 498 4011 mox
536 3936 710 4012 obiit
736 3937 1093 4046 Eurydice,
1124 3967 1340 4041 neque
1368 3936 1453 4014 ad
1474 3968 1756 4042 superos
1784 3940 2011 4016 reduci
2045 3940 2292 4042 potuit.
2324 3941 2489 4012 Μω-

331 4081 493 4129 rore
550 4053 769 4149 igitur
816 4052 1165 4155 perculsus
1199 4056 1517 4155 Orpheus
1551 4074 1819 4132 montes
1863 4054 2205 4129 solitarios
2247 4054 2445 4156 petiit
2467 4111 2488 4143 ,

340 4199 488 4272 quo
505 4226 525 4263 ,
562 4198 737 4245 sono
766 4168 922 4273 lyrae
940 4171 1083 4272 ejus
1103 4170 1435 4272 impulsae,
1470 4188 1898 4248 accurrerunt
1917 4171 2209 4263 arbores,
2233 4188 2301 4247 et
2324 4171 2499 4248 inter
