2975 4784
496 326 628 412 460

1031 331 1111 397 Ρ.
1178 332 1538 402 OVIDII
1587 332 2042 404 NASONIS

500 500 534 531 n
575 465 650 539 si
681 482 896 541 tamen
927 467 1066 543 haec
1097 469 1333 572 Superi
1365 490 1686 560 cemunt3
1721 474 1779 548 si
1811 475 2085 548 numina
2117 475 2363 577 Diyum

499 613 534 645 »
575 582 747 654 Sunt
779 580 1071 683 aliquid;
1108 585 1165 657 si
1195 614 1335 660 non
1369 588 1711 688 perierunt
1744 589 1968 663 omnia
1998 617 2298 678 mecum;

501 730 537 761 ι»
577 696 1147 800 Quandocumque
1181 702 1348 776 mihi
1378 731 1610 804 poenas
1643 702 1837 777 dabis
1866 733 1882 777 ε
1914 705 2055 804 ipsa
2077 760 2099 793 ‚
2134 704 2392 805 pudore

497 845 533 877 >2
575 812 882 911 Projecto
901 871 921 902 ‚
952 831 1065 890 tua
1093 815 1263 891 facta
1297 817 1534 921 loquar
1561 850 1578 893 ε
1607 820 1667 893 si
1697 821 1892 921 copia
1926 820 2158 912 detur,

2513 843 2611 914 545

500 960 536 992 ιο
575 929 657 1000 In
688 927 982 1030 populos
1015 931 1266 1007 veniam
1295 963 1313 1006 z
1343 934 1418 1007 si-
1436 933 1620 1007 silvis
1647 933 1866 1009 clausa
1901 936 2213 1028 tenebor,

497 1074 533 1106 >›
571 1042 875 1144 Implebo
909 1044 1104 1159 silvas
1137 1065 1204 1121 et
1238 1048 1501 1123 conscia
1544 1077 1697 1123 saxa
1732 1048 2036 1149 querelis

499 1191 534 1222 »
576 1159 827 1234 Audiat
859 1161 994 1236 haec
1029 1164 1269 1251 aether‚
1303 1182 1373 1240 et
1402 1164 1461 1239 si
1496 1165 1680 1238 Deus
1714 1163 1894 1239 ullus
1928 1165 2001 1238 in
2030 1165 2149 1240 illo
2178 1184 2297 1241 est.
2336 1202 2375 1235 »

497 1274 776 1350 Talibus
809 1276 904 1352 ira
931 1277 1051 1353 feri
1084 1298 1440 1380 postquam
1471 1291 1803 1354 commota
1836 1282 2137 1382 tyranni,

498 1390 636 1464 Nec
670 1394 889 1466 minor
920 1393 1042 1468 hac
1078 1414 1292 1470 metus
1325 1413 1463 1483 est;
1503 1424 1697 1470 causa
1726 1396 2105 1473 stimulatus
2143 1416 2422 1500 utraque
2442 1454 2463 1488 ,
2512 1419 2615 1473 550

501 1507 658 1604 Quo
693 1508 822 1582 fuit
855 1512 1184 1586 accinctus
1203 1569 1222 1600 ‚
1255 1511 1489 1608 vagina
1519 1511 1760 1587 liberat
1793 1541 2017 1588 ensem
2037 1570 2057 1603 ,

478 1629 980 1734 'Arreptamque
1016 1664 1236 1722 coma,
1272 1635 1456 1710 flexis
1488 1653 1648 1737 post
1682 1653 1868 1731 terga
1896 1635 2197 1725 lacertis,

499 1751 733 1828 Vincla
772 1757 909 1856 pati
940 1759 1121 1852 cogit
1151 1789 1167 1831 ε
1192 1757 1500 1858 jugulum
1534 1757 1903 1834 Philomela
1929 1761 2242 1861 parabat,

503 1875 835 1978 Spemque
870 1907 1003 1954 suae
1039 1881 1274 1955 mortis
1304 1883 1448 1955 viso
1484 1899 1879 1985 conceperat
1911 1910 2089 1957 ense.

501 1999 622 2082 Ille
657 2002 1067 2098 indignanti,
1102 2024 1169 2080 et
1200 2035 1443 2081 nomen
1473 2007 1684 2108 patris
1715 2034 1929 2108 usque
1966 2007 2262 2095 vocanti,

2516 2026 2614 2078 555

503 2124 945 2227 Luctantique
977 2127 1163 2230 loqui
1181 2186 1200 2217 ‚
1235 2158 1677 2231 compressam
1708 2129 1968 2230 forcipe
1995 2127 2289 2224 linguam

504 2245 808 2322 Abstulit
839 2277 996 2324 ense
1028 2250 1170 2325 fero
1208 2251 1439 2326 :radix
1471 2253 1672 2327 micat
1702 2251 1938 2327 ultima
1972 2250 2215 2346 lingua·
2233 2277 2257 2339 ς

566 2457 679 2524 542.
702 2458 977 2513 sinamhae
997 2469 1095 2514 etc.
1118 2459 1207 2527 Si,
1228 2460 1480 2530 quoniam
1495 2500 1511 2527 ‚

435 2530 442 2541 ’
504 2531 593 2586 Dii
616 2533 808 2605 aliquid
839 2536 1013 2591 valent
1032 2577 1049 2605 ,
1087 2538 1130 2593 si
1151 2549 1380 2608 potestas
1409 2558 1516 2592 eo-

504 2629 624 2663 rum
647 2622 724 2666 est
743 2613 864 2669 satis
886 2613 1067 2668 valida.
1108 2616 1135 2669 1
1154 2655 1174 2683 ,
1211 2619 1324 2683 545.
1356 2646 1424 2658 —
1459 2618 1524 2670 Se·

502 2708 604 2742 non
616 2695 871 2756 pen'emae!
892 2702 989 2747 etc.
1038 2694 1156 2746 Vox
1183 2694 1376 2746 summi
1405 2692 1516 2746 do-

506 2764 628 2820 loris
645 2806 662 2834 ,
689 2768 780 2837 qui
799 2768 870 2822 ita
893 2781 1047 2841 auget
1068 2789 1217 2824 suam
1234 2770 1515 2825 miseriam.

506 2857 573 2886 ³⁶·-
597 2849 661 2900 In
674 2852 888 2915 populos
911 2854 1106 2903 misae
1120 2892 1135 2913 ,
1169 2849 1235 2904 ad
1263 2850 1518 2921 populum

506 2924 809 2994 prodiho.--
816 2929 1039 2993 Querelis
1055 2947 1118 2981 ex
1128 2927 1520 2997 Langermanni

510 3002 777 3073 Excerptis
790 3003 933 3059 dedit
947 3006 1131 3059 Burm.
1145 3046 1160 3073 ,
1182 3024 1348 3075 quum
1362 3007 1521 3077 vulgo

509 3079 712 3149 legatur
725 3087 936 3137 movebo.
949 3083 1234 3139 Dubitabat
1248 3086 1393 3138 enim
1412 3085 1519 3155 ille,

512 3177 579 3212 an
604 3178 667 3212 ex
687 3163 1066 3218 consuetudine
1094 3164 1356 3221 Ovidiana
1379 3167 1524 3221 abso·

510 3237 620 3292 lute
645 3237 848 3293 dicatur
873 3246 1074 3309 inplere
1101 3247 1274 3297 suns.
1300 3243 1409 3297 Sed
1442 3244 1524 3297 vir

513 3314 700 3372 doctus
720 3317 775 3371 in
797 3318 1115 3376 Bibliotheca
1140 3322 1319 3392 Tigur.
1343 3341 1394 3392 p.
1420 3340 1483 3393 7⁰
1506 3360 1522 3387 ‚

514 3407 672 3467 negat
717 3395 905 3451 duram
951 3417 1059 3452 esse
1094 3398 1295 3469 ellipsin
1324 3421 1339 3465 3
1375 3418 1525 3469 posse

513 3477 658 3531 enim
672 3498 736 3533 ex
751 3477 1178 3534 antecedentibus
1186 3481 1356 3547 sactis
1378 3481 1525 3535 facile

514 3555 758 3626 suppleri.
794 3556 971 3610 Etiam
1004 3552 1162 3610 verba
1191 3564 1384 3625 pudore
1407 3578 1529 3626 pro-

507 3633 649 3696 iecto
668 3635 953 3690 lectionem
975 3635 1225 3704 reiectam
1251 3637 1527 3707 postulare.

520 3710 706 3782 Neque
752 3712 1100 3769 Philomelam
1135 3713 1265 3766 velle
1307 3714 1529 3767 omnino

519 3790 668 3857 queri
689 3830 704 3858 ,
739 3792 832 3848 sed
857 3794 989 3846 sacta
1014 3791 1126 3846 dira
1159 3790 1318 3844 Terei
1352 3791 1530 3860 eloqui

518 3868 603 3923 vel
638 3869 936 3926 hominibus
954 3910 970 3937 ‚
994 3869 1076 3924 vel
1103 3868 1231 3924 saxis
1251 3867 1435 3922 saltem
1472 3880 1530 3924 et

519 3947 673 4003 silvis.
690 3946 899 4003 Dictam
915 3958 1090 4002 autem
1113 3965 1222 4001 esse
1247 3944 1530 4014 vulgatam

524 4026 591 4080 ad
617 4024 747 4081 illud
773 4024 957 4094 virgil.
977 4044 992 4078 ι
1013 4029 1236 4080 Flet-tem
1265 4027 1323 4075 st·
1345 4041 1533 4091 nequeo

526 4106 734 4177 queros
748 4146 764 4174 ,
790 4105 1079 4159 Acheronta
1094 4107 1303 4171 movebo.
1324 4129 1393 4143 —-
1420 4099 1535 4155 Co-

1271 4376 1300 4440 ἱ

1611 2459 1750 2514 dices
1774 2459 1924 2531 Regii
1942 2458 2138 2512 habent
2150 2462 2360 2511 consa-122
2370 2474 2503 2509 sm
2514 2474 2619 2508 no-

1612 2542 1761 2605 eebo‚·
1787 2538 1948 2593 altera
1980 2538 2133 2591 lectio
2159 2536 2504 2607 pratantior.
2525 2537 2620 2588 Ed.

1676 2618 1790 2670 551.
1824 2617 2067 2680 Laetan-
2108 2633 2206 2684 pro
2239 2632 2348 2689 quo
2389 2611 2631 2665 nonnulli·

1611 2694 1810 2749 habent
1836 2697 2041 2762 derepit.
2076 2692 2217 2762 quod
2253 2691 2465 2761 prefert
2487 2688 2622 2744 cio-

1611 2776 1778 2828 sanus.
1807 2772 1988 2827 Codex
2015 2771 2211 2842 Regius
2232 2772 2309 2837 B,
2337 2789 2367 2822 a
2401 2767 2623 2823 munda

1613 2870 1808 2917 manu,
1842 2848 2001 2903 habet
2033 2852 2230 2916 deustil.
2258 2875 2326 2886 —
2358 2849 2608 2907 Putabat,

1616 2928 1799 2983 melius
1824 2944 1986 2996 quam
2003 2928 2310 2994 porrigebat.

1682 3009 1793 3062 ⁵55.
1824 3009 1924 3058 Ille
1953 3008 2268 3071 thde'gnaaele‘,
2282 3042 2322 3055 ..
2335 3040 2349 3053 .
2384 3006 2615 3059 wenti.

1618 3085 1967 3151 laetatique.
2011 3080 2237 3134 Codices
2272 3079 2441 3132 nostri
2479 3076 2629 3146 Regi}

1617 3158 1814 3213 habent
1837 3161 2203 3226 adamica,
2226 3162 2513 3217 mantea,
2528 3157 2629 3205 Inc-

1617 3244 1833 3303 tantenr,·
1850 3246 1905 3289 et
1919 3236 2028 3290 hac
2041 3234 2198 3289 lectio
2217 3234 2351 3286 sorte
2376 3233 2476 3285 fuit
2488 3248 2627 3295 vera,

1620 3334 1780 3385 quam
1798 3317 2113 3385 interpretes
2143 3312 2426 3383 tautologia
2447 3310 2625 3364 offe-d

1620 3403 1959 3448 mutaverunt
1997 3412 2011 3446 ε
2048 3391 2131 3444 he
2152 3410 2305 3445 voces
2330 3389 2635 3444 reseruntur

1621 3471 1686 3526 ad
1711 3476 1951 3540 linguam.
1987 3469 2087 3522 Ed.

1687 3553 1801 3621 557.
1833 3552 2012 3603 Radh
2033 3553 2191 3601 mei-at
2209 3557 2307 3601 etc.
2327 3544 2489 3600 Foeda
2509 3560 2626 3597 rur·

1623 3648 1708 3683 sus
1723 3648 1807 3683 res
1823 3640 1878 3683 et
1892 3629 2094 3698 ingrata
2109 3668 2124 3694 ,
2136 3645 2294 3696 quam
2309 3636 2491 3679 tamen
2504 3623 2631 3678 simi-

1622 3710 1844 3764 litudine
1869 3709 1999 3764 adeo
2028 3709 2247 3771 illustrat
2273 3716 2446 3776 poeta.
2482 3700 2633 3772 Apud

1627 3788 1903 3861 Hyginum
1919 3826 1937 3853 ‚
1962 3786 2165 3840 Tereus
2186 3784 2424 3838 vitiatam
2447 3781 2631 3836 Philo-

1626 3866 1818 3921 melam
1832 3865 2049 3920 mandat
2065 3865 2131 3918 ad
2149 3864 2423 3936 Lynceum
2438 3878 2623 3930 regem.

1627 3946 1734 4001 Sed
1752 3947 1942 4000 Noster
1954 3944 2162 3999 videtur
2184 3942 2249 3997 de
2270 3942 2527 3996 industria
2548 3941 2627 3991 sm·

1622 4021 1835 4076 dissima
1858 4040 2077 4092 queque
2099 4029 2152 4074 et
2170 4018 2524 4074 crudelissima
2538 4014 2631 4066 hae

1624 4102 1801 4157 sabula
1833 4101 2124 4172 exprimere
2160 4098 2396 4153 voluisse.
2419 4124 2486 4138 —
2506 4095 2631 4147 Tre-
