2975 4784
648 381 1680 462 METAMORPHOSEON
1726 382 1920 449 LIB.
1972 383 2106 451 VI.

2311 381 2445 475 4¹9

329 527 625 625 Utraque
658 523 1013 624 festinant,
1051 522 1412 622 cinctaeque
1443 520 1525 596 ad
1562 538 1827 622 pectora
1853 538 2065 595 vestes
2085 578 2104 610 ‚

326 641 607 716 Brachia
640 639 836 714 docta
867 656 1135 712 movent
1158 694 1180 727 ‚
1220 636 1443 711 studio
1477 635 1743 711 fallente
1776 633 2088 709 laborem.
2378 661 2448 712 σο

329 755 475 830 Illic
509 774 579 831 et
608 756 884 857 Tyrium
918 783 1063 856 quae
1097 781 1395 856 purpura
1426 753 1632 828 sensit
1666 752 1949 826 ahenum
1974 806 1996 840 ‚

330 872 647 961 Texitur,
681 891 750 947 et
782 889 1010 946 tenues
1041 871 1227 973 parvi
1262 868 1658 944 discriminis
1684 867 1978 942 umbrae:

333 987 572 1083 Qualis
608 989 692 1062 ab
726 988 939 1062 imbre
970 986 1137 1062 solet
1169 1013 1524 1088 percussus
1554 984 1816 1060 solibus
1850 1012 2043 1058 arcus

332 1102 603 1178 luficere
637 1104 892 1198 ingenti
925 1102 1203 1197 longum
1236 1101 1610 1176 curvamine
1644 1099 1873 1174 caelum
1905 1128 1924 1188 ;

331 1222 414 1293 In
444 1248 580 1320 quo
614 1220 854 1294 diversi
883 1219 1140 1293 niteant
1171 1245 1377 1318 quum
1402 1215 1585 1290 mille
1618 1215 1913 1308 colores,
2382 1240 2452 1290 65

305 1336 678 1434 ‚Transitus
711 1335 851 1438 ipse
888 1353 1102 1410 tamen
1138 1331 1503 1434 spectantia
1536 1331 1788 1407 lumina
1813 1329 2006 1405 fallit.

331 1455 564 1553 Usque
594 1452 757 1526 adeo
791 1450 971 1552 quod
1003 1449 1218 1545 tangit
1251 1450 1428 1523 idem
1455 1450 1596 1522 est!
1635 1467 1854 1522 tamen
1888 1447 2123 1522 ultima
2157 1447 2424 1523 distant.

331 1658 434 1712 tes,
474 1660 534 1702 ut
565 1649 682 1702 alibi
702 1655 923 1704 :insectus
939 1656 1135 1717 pecten.
1158 1647 1345 1703 Vestes

321 1750 574 1799 percusse
597 1733 799 1797 pectine
819 1728 958 1799 apud
991 1728 1027 1781 J
1032 1726 1308 1782 uvenalem
1326 1765 1343 1793 ,

331 1808 442 1863 Sat.
481 1807 558 1860 lx
582 1847 598 1873 ‚
645 1807 711 1859 30
736 1827 750 1870 3
790 1806 993 1861 confer.
1035 1804 1232 1858 Lucan.
1257 1804 1342 1870 X,

338 1891 446 1954 ¹4²·
481 1887 675 1940 Noster
710 1907 739 1940 e
776 1885 924 1957 copia
964 1884 1167 1954 poetica
1202 1901 1345 1936 con-

331 1967 500 2036 junxit
513 1965 965 2035 percunoserr‘unt.
978 1963 1201 2017 Lensius
1213 1980 1345 2015 con-

332 2054 411 2097 tra
427 2064 720 2112 percussum
750 2043 966 2112 explicat
988 2041 1310 2112 perforatum
1325 2078 1342 2106 ,

328 2132 581 2191 putatque
602 2161 618 2187 ‚
642 2124 815 2173 dentes
838 2120 990 2172 fuisse
1011 2118 1219 2172 bacillos
1237 2115 1343 2170 istis

328 2198 676 2252 foraminibus
694 2197 902 2251 inditos.
923 2224 989 2235 —
1002 2198 1200 2248 Doctus
1216 2235 1232 2256 ,
1260 2217 1343 2248 σο-

330 2282 410 2348 ᾳδς
431 2315 446 2342 ,
474 2275 687 2346 peritus.
714 2272 988 2326 Claudiau.
1013 2273 1066 2338 1,
1101 2291 1213 2342 177,
1221 2274 1343 2338 pol-

324 2358 412 2406 let
435 2356 613 2406 doctus
633 2349 974 2404 lanistrarum.
996 2378 1062 2389 —
1083 2349 1309 2402 Studium
1322 2388 1337 2410 ‚

326 2430 486 2486 ardor
500 2430 833 2484 certantium.
856 2456 924 2470 ·-
937 2429 1121 2490 Fallit,
1149 2425 1342 2479 minuit

327 2511 560 2564 laborem
582 2548 597 2575 ‚
621 2519 680 2561 ut
709 2527 816 2560 non
842 2507 1111 2561 sentiatur.
1130 2504 1249 2558 vid.
1275 2499 1342 2557 ad

327 2588 428 2656 IV,
453 2588 552 2660 333
580 2596 632 2640 et
656 2586 844 2639 Horat.
865 2586 1007 2650 tn,
1036 2584 1143 2637 Sat.
1166 2599 1240 2649 11,
1268 2604 1341 2635 η.

388 2665 471 2720 δι.
492 2668 722 2733 Purpura
736 2706 749 2722 .
784 2664 869 2718 fila
885 2683 1163 2734 purpurea.
1183 2664 1340 2717 Prae-

322 2742 633 2796 stantissima
648 2761 876 2811 purpura
891 2741 987 2795 suit
1014 2743 1214 2813 Tyrium
1235 2759 1341 2808 que

324 2829 486 2876 sensi!
499 2824 711 2874 ahenum
726 2863 740 2884 ‚
774 2820 909 2892 apud
937 2821 1127 2892 Tyrios
1150 2837 1343 2891 praepa·

324 2914 451 2958 rata.
477 2930 543 2943 ·-
565 2905 794 2957 Ahenum
818 2921 904 2955 vas
925 2902 1095 2969 maius
1111 2939 1126 2966 ‚
1153 2901 1207 2954 in
1232 2918 1339 2970 quo

325 2998 507 3033 succus
530 2998 822 3050 purpureus
848 2978 938 3032 sali
964 2989 1018 3031 et
1045 2998 1191 3047 aque
1215 2997 1341 3049 per·-

325 3057 515 3111 mixtus
552 3077 646 3128 per
677 3057 862 3111 decem
894 3054 1004 3110 dies
1053 3055 1116 3108 ad
1159 3056 1338 3128 ignem

323 3134 503 3189 lenem
529 3133 865 3204 coquebatur.
891 3133 1105 3186 Aristot.
1140 3131 1339 3187 Histor.

327 3214 510 3267 Anim.
532 3213 603 3281 V,
637 3217 723 3276 153
750 3211 886 3265 Plin.
911 3209 1049 3264 Hist.
1074 3211 1192 3264 Nat.
1223 3211 1301 3264 lx
1320 3250 1337 3278 ,

324 3293 407 3346 38.
430 3292 590 3347 Silius
605 3333 620 3361 ,
646 3292 754 3346 Vll
772 3331 792 3359 5
820 3292 917 3358 642
935 3291 1189 3360 :Purpura
1207 3293 1341 3359 Age«

323 3378 491 3428 toreis
507 3380 739 3426 saturata
759 3374 950 3424 ahenis.

388 3452 471 3506 62.
501 3454 578 3507 Et
599 3460 771 3504 tenues
791 3461 887 3504 etc.
929 3448 1118 3503 Varios
1142 3447 1342 3503 colores

321 3528 602 3584 commode
655 3528 861 3582 miscuit
888 3550 902 3592 ς
955 3536 1125 3581 leuues
1161 3530 1342 3579 umbre

318 3617 447 3658 sunt
466 3603 604 3657 haud
630 3604 785 3658 dubie
804 3608 868 3659 de
890 3607 1082 3673 Ie'ge‘res
1101 3622 1339 3656 πεπτω.

323 3682 466 3736 Plin.
497 3679 725 3749 XXXV,
758 3704 808 3740 ιι
833 3723 849 3750 ,
875 3683 965 3736 ubi
997 3692 1299 3735 narraverat
1323 3721 1338 3749 ,

321 3758 539 3830 singulis
568 3759 827 3815 coloribus
843 3761 968 3813 olim
988 3758 1183 3828 pictum
1200 3778 1307 3813 esse
1324 3800 1339 3827 ‚

321 3837 496 3912 pergit
517 3856 531 3890 ι
562 3837 780 3889 Tandem
802 3857 860 3891 se
876 3857 964 3890 ars
981 3843 1097 3906 ipsa
1109 3843 1345 3891 distinxi!

319 3927 374 3972 e!
384 3919 578 3970 moeni!
593 3920 756 3970 lumen
773 3924 922 3986 alque
931 3920 1132 3971 umbras
1147 3957 1161 3978 ‚
1194 3915 1341 3984 diffe-

321 4000 486 4049 rentia
498 3996 717 4048 colorum
739 3997 937 4048 alterna
950 4000 1061 4048 mee
1071 4012 1182 4047 sese
1199 3999 1341 4048 exci-

323 4081 478 4128 tante.
494 4112 507 4125 .
523 4095 550 4129 .·
577 4077 941 4128 commessurus
972 4094 1093 4129 vem
1123 4077 1339 4128 colorum

325 4158 379 4202 e!
396 4156 640 4206 transitus
669 4155 1041 4220 appellaverunt
1061 4154 1338 4218 barnoeeae.

1442 1646 1551 1702 Illoe
1575 1647 1776 1701 umbrae
1799 1647 2425 1716 erantparoiaebsstcn‘mimlr
2441 1672 2457 1702 .·

1441 1727 1570 1780 alius
1597 1726 1741 1780 color
1780 1728 1835 1780 in
1872 1727 2032 1781 alium
2068 1728 2139 1780 ita
2176 1729 2458 1798 transibat,

1441 1815 1502 1858 ut
1525 1805 1770 1859 transitus
1788 1805 1871 1857 vix
1885 1803 2229 1859 animadverti
2255 1818 2426 1877 posset
2444 1829 2459 1872 3

1440 1881 1583 1953 quod
1597 1883 1802 1954 egregie
1818 1883 2459 1939 illustratursimilitudine

1439 1958 1696 2030 adspersa.

1503 2035 1585 2088 63.
1613 2037 1888 2090 Percussus
1908 2033 2101 2090 solibus
2123 2057 2288 2092 arcus.
2314 2034 2457 2092 Cas-

1439 2112 1704 2184 tigatiores
1720 2153 1734 2179 ,
1777 2121 2036 2180 perc-asset·-
2067 2133 2086 2178 ,·
2139 2115 2357 2169 Junian.
2406 2125 2462 2170 et

1438 2203 1667 2262 quatuor
1688 2193 1804 2261 alii,
1830 2201 2087 2261 perustis
2117 2199 2332 2249 nubibus
2359 2217 2458 2249 ar—

1437 2289 1544 2323 cus.
1572 2267 1725 2340 Regii
1750 2272 1916 2325 nostri
1939 2272 2076 2326 banc
2109 2274 2455 2343 posteriorem

1437 2348 1721 2403 lectionem
1776 2350 1988 2406 babent.
2011 2382 2079 2393 —-
2102 2354 2245 2406 Soles
2264 2394 2278 2416 ,
2322 2354 2457 2408 radii

1437 2425 1558 2480 solis
1579 2466 1594 2493 ,
1618 2433 1969 2494 percutiuntur
1989 2433 2056 2482 ab
2079 2434 2235 2482 imbre
2250 2471 2262 2490 ,
2301 2431 2457 2483 sran-

1442 2515 1642 2576 guntur
1664 2507 1718 2559 in
1744 2506 1912 2561 imbre
1934 2506 2209 2562 decidente
2230 2548 2245 2576 ,
2271 2509 2335 2562 ab
2357 2528 2454 2562 eo-

1439 2607 1542 2657 qne
1568 2588 1892 2658 rejiciuntur.
1917 2589 2093 2659 Atque
2116 2591 2185 2644 ita
2211 2601 2361 2661 putes
2383 2591 2457 2644 le-

1438 2665 1672 2736 gendum
1678 2671 1964 2733 percussit,
1989 2666 2131 2736 quod
2149 2665 2456 2736 preferant,

1435 2754 1598 2797 notan
1607 2754 1657 2797 te
1668 2744 1910 2811 Heinsio,
1926 2745 2275 2816 castigatiores
2290 2744 2457 2799 MSS.

1436 2822 1684 2896 quodque
1720 2824 2053 2894 amplectitur
2076 2823 2314 2879 Lenzius.
2347 2824 2454 2880 Sed

1435 2911 1489 2955 et
1503 2920 1773 2970 percussus
1785 2901 1998 2955 defendi
2015 2912 2183 2973 potest
2203 2902 2292 2956 illo
2308 2899 2455 2971 Virg.

1435 2977 1651 3033 AEneid.
1682 2978 1821 3035 VIII
1843 3020 1859 3047 ,
1912 3002 1975 3034 aa
1995 3020 2010 3048 ‚
2059 2985 2224 3034 lumen
2244 3019 2285 3033 ..
2301 3021 2314 3033 .
2338 2982 2453 3035 Sole

1433 3078 1794 3127 repercussum,
1830 3060 2012 3114 lumen
2029 3099 2045 3126 ,
2068 3058 2210 3129 quod
2232 3061 2400 3114 oritur
2421 3080 2451 3114 a

1435 3135 1592 3189 radiis
1617 3135 1737 3189 solis
1764 3137 2092 3205 repercussis.
2120 3164 2186 3177 —
2214 3140 2418 3209 Itficere
2433 3177 2449 3204 ‚

1436 3214 1637 3268 colores
1681 3214 1952 3269 iuducere.
1976 3244 2044 3255 —-
2075 3218 2221 3269 Mille
2262 3221 2453 3271 colores

1438 3291 1567 3345 lridi
1593 3293 1774 3345 tribuit
1796 3292 1954 3346 etiam
1978 3292 2125 3363 Virg.
2146 3293 2355 3347 AEueid.
2374 3295 2446 3361 V,

1435 3371 1632 3444 609-
1652 3371 1928 3424 Transilus.
1965 3371 2141 3428 Unius
2167 3413 2182 3440 ,
2231 3374 2404 3443 inquit
2429 3414 2445 3441 ,

1435 3448 1623 3502 coloris
1658 3448 1719 3502 ad
1758 3447 1915 3502 alium
1961 3450 2237 3519 transitus,
2272 3450 2448 3504 oculos

1436 3526 1664 3595 decipit,
1700 3527 1821 3595 quia
1861 3546 2028 3597 quum
2065 3529 2171 3583 sint
2217 3529 2403 3582 diversi
2430 3570 2445 3598 ,

1436 3604 1598 3659 iidem
1621 3616 1797 3658 tamen
1825 3625 1934 3660 esse
1976 3606 2235 3666 videntur,
2263 3610 2358 3660 Ed.
2379 3635 2446 3650 -

1437 3683 1847 3751 Lume‘rtasalle‘l5
1879 3703 1989 3737 non
2016 3684 2446 3740 animadvertitur

1433 3761 1498 3814 ab
1520 3760 1679 3815 oculis
1698 3763 2061 3831 spectantibus.
2082 3765 2318 3833 Propert.
2334 3765 2440 3833 111,

1436 3856 1519 3893 κη
1536 3879 1552 3906 ,
1590 3859 1650 3910 27
1676 3860 1689 3893 ι
1723 3843 1838 3893 Non
1871 3842 2032 3913 Tyren·
2053 3850 2217 3895 vesles
2229 3851 2448 3899 errante}-

1430 3917 1910 3986 Iumiaasallunt.·—
1917 3923 2253 3989 Quodlangil,
2279 3921 2444 3992 proxi·

1432 4015 1518 4050 ma
1542 4016 1758 4066 queque
1782 3996 2031 4052 eumdem
2055 3999 2282 4052 colorem
2301 4001 2440 4052 rese-

1431 4087 1558 4129 runt
1577 4116 1592 4143 ,
1609 4076 1700 4130 sed
1712 4077 1752 4130 si
1769 4076 1950 4130 ultima
1959 4097 2079 4131 cum
2096 4081 2274 4149 primis
2289 4098 2436 4140 com-

1428 4165 1682 4222 parentur
1694 4194 1709 4222 ,
1735 4156 1956 4220 distant,
1987 4155 2251 4210 disserunt.
