2975 4784
552 382 691 453 DE
751 379 1085 450 OPERE
1140 380 2195 455 METAMORPHOSEON.
2399 411 2448 475 9

484 525 650 587 Stant
679 522 917 584 immota
943 522 1145 607 genis:
1178 523 1321 586 nibil
1349 536 1437 585 est
1461 524 1522 583 in
1549 524 1788 608 imagine
1816 525 1946 587 vivi.

484 630 617 712 Ipsa
641 648 882 710 quoque
910 627 1151 690 interius
1177 650 1308 691 eum
1330 628 1476 692 duro
1505 629 1697 714 lingua
1721 629 1902 712 palato

484 733 767 821 Congelat
786 777 807 811 ,
836 745 897 795 et
916 755 1079 795 venae
1100 733 1379 795 desistunt
1399 756 1568 816 posse
1591 734 1827 796 moveri.

478 839 602 900 Nec
628 838 779 900 flecti
801 837 987 899 cervix
1007 881 1028 913 ,
1056 858 1164 900 nec
1190 835 1414 900 brachia
1437 837 1676 900 reddere
1694 850 1889 923 gestus
1906 881 1927 915 ,

481 944 606 1005 Nec
636 964 740 1026 pes
767 943 856 1003 ire
881 955 1090 1025 potest.

318 1110 463 1184 Nec
490 1107 621 1182 hoc
658 1107 843 1182 satis.
866 1149 944 1164 —
972 1109 1092 1197 lv,
1123 1106 1254 1181 551
1277 1164 1297 1197 ,
1326 1105 1554 1210 plures
1588 1107 1897 1184 mulieres
1931 1107 2127 1183 simul
2160 1108 2445 1185 eamdem

316 1260 570 1318 sortem
601 1242 997 1344 patiuntur:

924 1408 942 1425 .
966 1404 983 1422 .
1005 1408 1023 1425 .
1087 1364 1419 1447 Stltumque
1443 1365 1641 1429 datura
1667 1367 1888 1429 moveri

480 1469 654 1533 Haud
684 1492 924 1553 usquam
951 1472 1146 1554 potuit
1160 1516 1180 1549 ,
1208 1472 1566 1555 scopuloque
1594 1471 1766 1535 adfixa
1786 1471 2045 1536 cohesit.

490 1576 689 1637 Altera
703 1621 725 1653 ‚
748 1576 885 1638 dum
906 1576 1082 1640 solito
1106 1590 1285 1640 tentat
1311 1578 1584 1662 plangore
1603 1579 1771 1641 ferire

485 1681 754 1757 Pectora,
776 1694 1021 1745 tenatos
1049 1684 1221 1745 sentit
1246 1683 1485 1767 riguisse
1507 1684 1766 1746 lacertos.

488 1785 633 1862 1112,
657 1805 855 1846 manus
879 1798 948 1848 ut
971 1787 1118 1848 forte
1147 1785 1461 1850 tetenderat
1482 1787 1546 1848 in
1571 1788 1738 1850 maris
1770 1787 1979 1863 undas,

482 1892 663 1954 saxea
689 1890 830 1954 sacta
856 1913 1054 1953 manus
1079 1892 1139 1952 in
1167 1890 1387 1954 easdem
1411 1894 1661 1978 porrigit
1685 1894 1903 1970 undas,

321 2079 390 2136 et
424 2086 568 2162 quae
592 2057 790 2161 plura
823 2076 1214 2160 sequuntur.
1243 2059 1375 2134 Hic
1406 2060 1844 2135 mutationem
1869 2057 2155 2155 generali
2181 2059 2446 2159 quidem

324 2195 604 2269 notione
640 2211 870 2295 quater
903 2193 1254 2295 exprimit,
1291 2192 1409 2267 sed
1440 2174 1706 2266 veriatis
1738 2191 1989 2279 verbis,
2023 2209 2091 2266 et
2124 2220 2449 2293 quamque

326 2325 670 2402 mulierem
702 2329 771 2402 in
802 2326 934 2403 alio
969 2346 1163 2425 gestu
1195 2325 1476 2402 formam
1507 2353 1748 2401 novam
1774 2324 2065 2399 induisse
2097 2324 2308 2419 fingit.
2346 2324 2452 2397 Si·
2489 2320 2498 2329 ’

322 2460 478 2536 mile
531 2461 918 2560 figmentum
964 2464 1163 2538 etiam
1196 2462 1269 2536 in
1301 2462 1505 2536 nautis
1555 2460 1627 2534 T
1599 2458 1935 2568 jubentis,
1985 2456 2453 2559 delphinorum

323 2614 625 2673 naturam
660 2598 1179 2700 accipientibus»,
1214 2599 1315 2672 111
1334 2652 1353 2686 ,
1405 2594 1541 2698 671
1564 2650 1584 2683 ,
1618 2595 2023 2697 reperimus;
2078 2618 2450 2695 quanquam

323 2728 420 2804 ihi
454 2749 525 2808 et
555 2733 627 2807 in
659 2732 946 2830 singulis
982 2731 1123 2808 aliae
1158 2730 1461 2834 delphini
1494 2748 1715 2831 partes
1758 2747 2210 2805 memorantur
2241 2758 2258 2801 :

730 2961 749 2978 .
771 2960 789 2979 .
812 2959 829 2977 .
879 2918 1222 3000 Primusque
1247 2916 1466 2978 Medon
1496 2916 1815 3004 nigrescere
1847 2918 2038 3002 pinnis

487 3021 759 3107 Corpore
789 3025 1057 3107 depresso
1073 3068 1093 3102 ,
1118 3036 1180 3086 et
1204 3022 1384 3106 spinae
1406 3023 1728 3087 curvamina
1748 3023 1897 3086 flecti

493 3132 707 3215 Incipit
734 3155 750 3192 ε
784 3133 921 3194 huic
941 3131 1224 3216 Lycabas,
1256 3132 1320 3192 in
1347 3153 1478 3213 quae
1508 3132 1778 3195 miracula
1802 3178 1822 3213 ,
1853 3134 2026 3211 dixit,

492 3235 784 3299 Verteris?
811 3250 871 3298 et
894 3236 991 3298 lati
1012 3236 1191 3297 rictus
1214 3250 1275 3298 et
1301 3233 1484 3316 panda
1512 3236 1780 3317 loquenti

492 3344 660 3406 Naris
686 3356 839 3421 erat,
864 3365 1268 3429 squamamque
1291 3349 1440 3411 cutis
1463 3348 1662 3409 durata
1688 3343 1960 3406 trahebat.

490 3446 577 3509 At
602 3446 810 3530 Libys,
838 3446 1127 3511 obstantes
1150 3449 1286 3511 dum
1305 3450 1433 3515 vult
1462 3448 1762 3513 obvertere
1789 3467 1977 3511 remos
1997 3492 2018 3528 ,

492 3552 566 3614 ln
595 3553 842 3637 spatium
866 3553 1085 3616 resilire
1106 3576 1304 3617 manus
1331 3555 1507 3619 breve
1531 3552 1711 3631 vidit,
1744 3565 1803 3617 et
1832 3552 1953 3617 illas

489 3655 619 3717 Jam
647 3676 770 3718 non
796 3675 920 3718 esse
941 3678 1141 3721 manus
1158 3702 1179 3736 ,
1207 3660 1317 3741 iun
1347 3659 1550 3741 pinnas
1573 3677 1745 3741 posse
1774 3656 1966 3720 vocari
1986 3700 2005 3735 ,
2040 3669 2154 3718 etc.

311 3827 463 3902 Eas
492 3840 714 3925 partes
744 3824 805 3899 si
841 3826 1221 3927 componiS,
1257 3827 1518 3923 integer
1560 3824 1698 3900 fere
1755 3823 2113 3928 delphinus
2161 3822 2459 3900 efficitur.

310 3956 607 4046 Similia,
628 3960 719 4047 II,
739 3957 907 4053 346,
939 3958 1020 4034 de
1040 3959 1477 4035 Phaethontis
1499 3960 1843 4035 sororibus
1862 3960 1935 4034 in
1968 3959 2240 4035 arbores
2260 3977 2466 4034 trans·

312 4092 650 4171 euntibus
669 4091 1009 4189 leguntur,
1038 4121 1203 4193 quas
1226 4095 1519 4196 primum
1547 4094 1851 4192 singulas
1881 4094 2205 4180 ostendit,
2233 4089 2470 4166 deinde
