2975 4784
596 381 733 448 DE
794 378 1134 455 OPERE
1190 376 2217 446 METAMORPHOSEON.
2386 404 2464 474 19

352 566 432 581 -
471 523 606 609 vl,
653 543 786 620 192
815 544 963 618 sqq.
991 573 1010 604 ,
1055 516 1275 591 Niobe
1311 515 1604 617 quinque
1639 515 1939 593 formulis
1972 535 2167 614 urget
2195 517 2362 610 hoc,
2396 550 2468 597 se

342 656 716 731 liberorum
749 678 1029 725 numero
1063 652 1335 724 Latonae
1379 669 1705 751 prestare.
1759 693 1835 707 —
1869 653 1998 725 Vll
2020 709 2039 741 ,
2107 679 2240 754 179
2271 682 2419 756 sqq.
2445 713 2465 746 ,

344 793 556 864 Lunae
575 813 803 860 cornua
820 799 950 861 tota
980 797 1223 874 coeunt,
1251 782 1527 885 ςῇείιιηι
1542 784 1740 859 orbem
1758 842 1778 870 ,
1805 784 1951 886 ipsa
1971 785 2323 887 plemksima
2340 788 2470 863 ful-

350 940 482 1018 get,
510 938 581 995 et
602 917 801 993 solida
822 917 1081 1017 imagine
1111 933 1364 1018 spectat
1387 920 1913 1006 terram—XII,
1945 918 2036 1011 46
2056 930 2201 1023 sq'q.
2220 978 2239 1010 ,
2272 924 2472 997 Fama

348 1072 479 1130 tota
474 1054 731 1155 fremit,
775 1079 955 1125 voces
980 1049 1159 1151 refert
1177 1110 1196 1136 ,
1233 1051 1410 1125 iterat
1430 1050 1599 1153 quod
1617 1051 1828 1138 audit,
1860 1053 2071 1127 Nulla
2096 1055 2258 1155 quies
2279 1056 2468 1149 intus,

350 1190 640 1291 nullaque
672 1186 910 1261 silentia
929 1200 1129 1286 parte.
1168 1185 1390 1259 Miror
1408 1187 1631 1287 itaque
1659 1186 1947 1260 Criticos
1966 1243 1986 1275 ,
2018 1188 2134 1288 qui
2154 1188 2260 1264 his
2287 1208 2354 1263 et
2380 1208 2477 1265 ta-
2497 1264 2512 1279 „

354 1325 533 1398 libus
549 1351 688 1399 non
712 1320 951 1395 offensi
973 1337 1214 1409 essent,
1237 1347 1465 1394 versus
1489 1348 1776 1395 resecare
1798 1320 2110 1411 voluisse,
2134 1322 2206 1397 in
2232 1324 2478 1424 quibus

352 1458 567 1532 multo
585 1458 805 1531 minus
819 1455 1292 1545 redundantiae,
1313 1472 1391 1530 ut
1413 1456 1600 1543 VIII,
1629 1453 1719 1555 87
1741 1484 1758 1543 ;
1782 1454 1906 1528 ubi
1919 1472 2080 1556 post
2100 1456 2300 1531 verba
2306 1485 2480 1556 pra·-

352 1591 556 1693 daque
571 1591 769 1690 potita
799 1589 1065 1691 nefanda
1097 1589 1400 1690 sequitur
1431 1616 1659 1664 versus
1694 1589 1974 1663 Heinsio
2012 1591 2476 1690 improbatus:

519 1769 657 1830 rert
683 1787 870 1828 secum
893 1767 1141 1849 spolium
1162 1766 1389 1829 sceleris
1405 1811 1425 1845 ,
1449 1788 1862 1852 progressaque
1887 1781 2084 1851 porta,
2105 1782 2216 1832 etc.

354 1946 541 2022 Talia
591 1945 764 2020 bene
806 1942 1015 2019 multa
1053 1946 1551 2020 commemorari
1583 1964 1877 2047 possent.
1941 1988 2021 2002 —
2082 1948 2267 2050 Saepe
2300 1952 2480 2026 enim

358 2083 539 2155 otiose
567 2076 896 2153 nonnulla
922 2078 1232 2178 subjicit,
1266 2097 1333 2152 et
1361 2078 1693 2153 interdum
1726 2080 1888 2154 satis
1921 2079 2218 2180 languide.
2248 2125 2326 2138 —
2354 2085 2477 2157 Ill.

368 2214 508 2315 715
534 2270 555 2301 ,
590 2215 766 2289 bene
798 2213 964 2287 dixit
989 2268 1009 2302 ,
1039 2187 1160 2286 m'it
1190 2212 1382 2285 ommis
1411 2213 1476 2285 ιἰι
1513 2240 1696 2286 unum
1738 2211 2184 2312 Turbasucens
2207 2272 2227 2300 ,
2279 2216 2482 2289 modo

362 2379 447 2425 ne
479 2348 859 2436 addidisset,
879 2362 1111 2423 cuncta
1140 2361 1353 2420 coeunt
1367 2360 1711 2446 cunctaque
1740 2360 2086 2446 sequuntur.
2101 2348 2254 2421 -11
2267 2403 2286 2435 ,
2325 2346 2480 2434 168,

356 2484 538 2560 Solis
572 2483 731 2585 equi
785 2467 969 2557 rumit
1010 2483 1329 2583 tritumque
1373 2481 1720 2583 oehhquuaee
1756 2479 2059 2581 »Spanum
2117 2481 2267 2554 Hoc
2327 2481 2485 2555 satis

354 2619 623 2706 fuisset3
661 2617 777 2692 sed
813 2617 1035 2719 inepte
1070 2617 1321 2718 pergit,
1354 2644 1468 2689 nec
1493 2674 1513 2702 ,
1569 2643 1686 2716 quo
1707 2615 1886 2717 ptius
1910 2673 1930 2701 ‚
1972 2613 2182 2687 ordine
2221 2630 2482 2688 currunt.

358 2754 528 2843 Ubi,
563 2753 687 2840 IV,
727 2749 902 2838 300,
926 2751 1177 2827 fontem
1201 2750 1448 2826 clarum
1474 2751 1634 2825 satis
1660 2749 2129 2851 descripserat,
2150 2776 2292 2822 non
2318 2766 2484 2837 erat,

360 2917 475 2961 cur
498 2887 806 2974 adderet,
816 2887 1174 2988 perspicuus
1202 2886 1402 2986 liquor
1420 2900 1526 2959 est.
1553 2883 1785 2983 Quid?
1815 2885 1938 2971 XI,
1963 2881 2006 2954 5
2021 2908 2125 2982 19,
2148 2898 2303 2985 post
2326 2881 2487 2956 hor-

361 3020 565 3095 renda
602 3020 1013 3121 tempestatis
1049 3019 1481 3121 phaenomena
1506 3036 1766 3108 monet,
1801 3017 1946 3092 vela
1976 3015 2292 3091 maduisse.
2330 3019 2489 3091 Non

370 3153 579 3250 igitur
596 3172 741 3229 erat
758 3209 778 3242 ,
804 3182 923 3227 cur
942 3154 1282 3244 Heinsius,
1299 3156 1452 3242 Vll,
1483 3153 1645 3255 527,
1673 3152 1873 3228 verba
1892 3177 2030 3253 quae
2048 3151 2215 3224 victa
2217 3151 2482 3253 jacebat,

364 3305 445 3363 ut
473 3288 691 3364 otiosa
729 3305 797 3361 et
820 3286 1133 3384 languida
1151 3307 1311 3392 post
1336 3289 1714 3390 superiora,
1740 3283 1954 3360 deleta
1972 3280 2230 3360 mallet(
2246 3287 2491 3359 Intem-

358 3423 614 3524 pestive
633 3423 834 3498 etiam
854 3422 1116 3512 inserit,
1144 3452 1288 3524 quae
1308 3422 1620 3498 brevitati
1647 3439 1713 3495 et
1731 3420 2188 3522 perspicuitati
2216 3418 2488 3493 obsunt.

367 3559 575 3647 —IV‚
617 3555 926 3658 616-19‚
963 3559 1242 3633 Perseus
1280 3585 1481 3659 super
1510 3554 1793 3655 Libycas
1818 3555 2068 3655 pendet
2088 3581 2319 3628 arenas
2339 3608 2359 3642 ,
2387 3570 2492 3643 et,
2573 3644 2590 3671 ι

360 3690 507 3763 626
527 3747 546 3780 ,
577 3691 891 3765 consistit
917 3692 986 3765 in
1019 3721 1227 3787 regno
1252 3689 1568 3764 Atlantis.
1597 3690 1849 3763 Versus
1873 3687 2079 3783 igitur
2101 3684 2393 3775 620-25,
2421 3685 2495 3758 in

360 3823 619 3925 quibus
645 3824 782 3898 huc
802 3842 870 3898 et
897 3823 1087 3914 illuc,
1117 3825 1199 3899 ad
1234 3826 1478 3897 Arctos
1506 3840 1573 3895 et
1595 3822 1678 3896 ad
1702 3822 2031 3897 Cancrum
2051 3819 2251 3908 volat,
2279 3816 2493 3892 alieno

361 3956 519 4033 loco
548 3957 899 4057 interjecti.
937 3960 1111 4033 Sunt
1146 3974 1376 4031 contra
1400 3955 1582 4045 loca,
1617 3956 1690 4029 in
1719 3953 1965 4058 quibus
1987 3955 2170 4027 nimio
2201 3951 2500 4027 brevitatis

362 4091 568 4167 studio
598 4093 820 4166 factus
846 4110 942 4167 est
971 4091 1333 4167 obscm'ior.
1370 4091 1473 4164 Eo
1497 4090 1659 4163 vitio
1680 4145 1700 4179 ,
1736 4092 1801 4178 Ι,
1855 4114 1989 4186 170
2022 4115 2208 4188 sqq.,
2242 4081 2501 4157 laborat
