2975 4784
708 416 1732 487 METAMORPHOSEON
1795 418 1993 485 LIB.
2045 418 2105 484 1.

2392 418 2480 508 5'9

339 559 575 634 Saucia
598 556 1013 645 vomeribus,
1049 584 1173 657 per
1205 584 1275 630 se
1309 554 1513 630 dabat
1548 555 1768 631 omnia
1804 553 1999 629 tellus
2031 584 2048 645 ;
2134 570 2138 574 ’

342 680 787 782 Contentique
823 679 1026 768 cibis,
1060 677 1248 752 nullo
1284 696 1561 774 cogente
1582 735 1601 767 ,
1640 677 1873 752 creatis
1895 735 1914 766 ‚

338 806 683 881 Arbuteos
715 803 949 897 soetuS,
983 820 1427 903 montanaque
1462 802 1648 899 fraga
1678 801 1990 898 legebant
2015 856 2034 888 ,

344 929 695 1030 Cornaque
715 983 734 1014 ‚
772 944 839 1002 et
869 926 941 999 in
969 926 1152 1000 duris
1183 926 1499 1002 haerentia
1531 955 1720 1001 mora
1750 924 2009 999 rubetis
2031 980 2051 1013 ,

339 1143 701 1187 strumentum
743 1131 952 1186 duobus
1006 1141 1095 1185 aut
1137 1143 1365 1202 quatuor

340 1211 589 1265 dentibus
606 1251 620 1272 ,
646 1228 754 1280 quo
778 1209 942 1280 glebae
963 1210 1018 1263 in
1045 1210 1180 1280 agris
1200 1230 1363 1265 com-

340 1289 722 1342 minuebantur
741 1309 754 1350 ;
776 1287 960 1358 Virgil-
979 1287 1172 1359 Georg.
1200 1288 1243 1355 1,
1265 1292 1364 1363 94:

343 1385 649 1437 quanquam
665 1377 721 1420 et
736 1366 1001 1421 sarritioni
1016 1366 1331 1421 inserviebat
1346 1408 1362 1436 ,

342 1466 477 1499 vers.
510 1449 616 1498 155.

413 1543 431 1575 ι
440 1542 522 1575 oa.
549 1524 743 1577 Saucia
754 1524 1050 1576 waeribns.
1063 1522 1320 1577 vivianus
1334 1543 1364 1577 e

336 1599 494 1654 codd.
516 1604 694 1653 sancia
707 1605 992 1653 wlneribns
1008 1601 1254 1671 protulit,
1282 1600 1369 1655 id-

340 1699 448 1749 que
475 1697 585 1730 non
623 1680 758 1732 bene
786 1678 1008 1731 Heinsio
1034 1699 1088 1732 se
1114 1679 1368 1749 probavit.

341 1756 512 1812 Notio
545 1760 796 1808 vulnerum
833 1758 940 1824 jam
988 1757 1125 1810 inest
1167 1756 1222 1809 in
1254 1776 1366 1811 voc.

340 1841 527 1890 sanctia
546 1876 561 1898 ,
606 1844 661 1889 et
698 1855 862 1906 quum
904 1835 1163 1906 praecedat
1205 1844 1369 1889 ναι-[ω

344 1921 543 1969 intacta
564 1956 578 1976 .
634 1914 961 1968 concinnitas
1000 1914 1367 1967 membrorum

345 1992 429 2046 hic
452 2011 661 2062 quoque
685 1992 1028 2045 instrumenti
1051 2010 1250 2044 nomen
1270 2010 1368 2045 re-

347 2071 522 2139 quirit.
537 2072 707 2124 Locus
721 2110 736 2136 ‚
759 2069 843 2136 11,
865 2070 981 2140 287,
999 2088 1157 2138 quem
1179 2069 1366 2122 Heius·

346 2149 667 2216 comparavit
696 2186 711 2213 ,
762 2147 873 2217 ipse
912 2165 1037 2199 eum
1076 2148 1367 2215 impugnat.

350 2227 632 2277 —Soucim
650 2225 789 2278 Sulci
802 2235 926 2278 sunt
940 2224 1103 2278 veluti
1127 2222 1364 2289 vulnera,

350 2301 542 2371 quibus
595 2302 899 2355 dilaceratur
940 2313 1149 2372 tergum
1197 2313 1364 2356 terre.

346 2380 532 2434 Latius
574 2381 684 2434 haec
729 2382 863 2435 Plin.
911 2383 985 2434 H.
1034 2383 1100 2435 N.
1140 2381 1193 2434 ll
1211 2421 1226 2447 ‚
1259 2381 1361 2443 63,

342 2459 680 2529 persequitur
695 2499 712 2527 ,
756 2471 810 2513 et
850 2460 1001 2530 plura
1042 2460 1367 2514 lacerationis

343 2556 536 2606 genera
552 2537 806 2592 invidiose
821 2550 1222 2592 commemorat.
1240 2540 1365 2594 Non

341 2616 539 2669 mirum
558 2627 739 2669 autem
759 2626 857 2682 est,
881 2617 1250 2685 agriculturam
1274 2617 1368 2670 diu

340 2695 492 2750 fuisse
516 2696 815 2767 ignoratam
831 2735 848 2762 ,
890 2696 1081 2765 quippe
1098 2715 1216 2765 quae
1233 2696 1367 2749 mul·

340 2784 517 2828 tarum
550 2793 738 2828 rerum
775 2775 1048 2828 scientiam
1065 2815 1081 2843 ,
1117 2795 1366 2848 magnam

342 2872 551 2920 curam,
576 2854 810 2907 multum
836 2853 1026 2906 laboris
1050 2855 1299 2924 requirat.

416 2933 525 2985 103.
546 2935 707 2985 Nullo
726 2938 947 2999 cogente.
966 2930 1150 3002 Virgil.
1171 2931 1366 3004 Georg.

346 3010 374 3063 l
391 3048 407 3077 ,
443 3012 535 3063 128
552 3049 569 3076 ,
606 3010 721 3079 pari
746 3008 1004 3079 elegantia
1023 3049 1039 3077 ‚
1075 3013 1213 3063 nullo
1227 3030 1367 3079 pos-

346 3094 519 3151 centu
550 3104 855 3156 quanquam
875 3084 1016 3138 idem
1039 3097 1094 3139 et
1114 3091 1271 3139 nullis
1288 3107 1366 3140 co·

336 3169 603 3233 gentibus,
629 3163 828 3234 Georg.
852 3165 934 3226 11,
970 3183 1029 3218 ιο
1048 3185 1061 3219 :
1081 3175 1367 3236 utrumque

341 3242 571 3295 verbum
584 3261 692 3296 non
706 3243 885 3296 minus
895 3244 1185 3312 eleganter,
1208 3263 1369 3313 quam

338 3325 590 3388 imperare
608 3325 766 3380 meze,
802 3319 868 3373 de
889 3320 1122 3390 agricolis
1144 3320 1336 3376 dicitur
1350 3364 1366 3390 ‚

339 3396 437 3465 qui
484 3396 643 3449 veluti
694 3403 887 3465 cogunt
943 3408 1140 3452 terram
1195 3401 1369 3470 fruges

336 3473 573 3528 reddere
590 3475 882 3529 cultoribus
901 3495 913 3527 :
934 3476 1053 3529 vide
1072 3477 1371 3531 Burmann.

336 3555 491 3606 Arva
503 3572 635 3606 vero
651 3573 822 3623 quum
834 3554 1010 3623 fruges
1025 3555 1276 3622 reddunt,
1292 3555 1373 3609 di-

331 3641 544 3684 cuntur
561 3651 770 3697 parere,
811 3635 1104 3698 respondem
1133 3643 1231 3686 etc.
1262 3632 1370 3687 Sed

327 3716 472 3771 cibi,
518 3712 610 3780 qui
643 3713 752 3780 jam
791 3724 1105 3773 narrantur,
1147 3713 1369 3767 minime

329 3788 477 3845 lauti
504 3801 656 3858 sunt,
680 3810 857 3861 neque
881 3791 951 3844 ob
973 3811 1062 3845 eos
1088 3791 1373 3847 invidenda

330 3888 514 3925 aurea
538 3879 676 3923 etas.

408 3950 530 4014 104.
566 3951 831 4003 Arbnleos.
853 3950 1081 4006 Plurimi
1109 3954 1369 4016 arboreos,

327 4047 461 4100 quae
472 4027 584 4082 duo
595 4030 877 4098 soepissime
896 4031 1113 4084 confusa
1128 4038 1267 4081 sunt.
1279 4031 1375 4083 Ar-

2383 947 2476 1000 105

1457 1133 1518 1186 in
1536 1133 1685 1186 ltalia
1701 1134 1951 1202 frequens
1971 1171 1987 1198 ‚
2012 1150 2170 1203 poma
2190 1133 2365 1186 serens
2387 1153 2484 1186 ru-

1459 1211 1725 1281 bentia(X
1744 1250 1759 1277 ,
1786 1212 1901 1276 ιοι)
1918 1212 2074 1281 fragis
2087 1210 2293 1277 similia,
2313 1222 2366 1265 et
2381 1212 2486 1265 dis-

1460 1287 1613 1341 ficilia
1632 1288 1960 1341 concoctioni
1988 1286 2152 1358 (Plin.
2173 1289 2385 1354 xxm,
2402 1286 2481 1357 8),

1462 1366 1651 1435 quibus
1666 1366 1919 1419 tenuioris
1931 1365 2085 1419 sortis
2096 1364 2486 1420 hominesvesci

1460 1443 1726 1496 solebant:
1744 1441 1847 1496 vid.
1873 1442 2094 1496 Martia.
2120 1442 2186 1495 ad
2211 1442 2396 1512 Vix-gil.
2424 1444 2447 1495 Ι
2469 1482 2483 1508 ,

1470 1520 1578 1586 148.
1606 1519 1783 1573 Etiam
1805 1521 1981 1574 Varro
2014 1519 2080 1574 R.
2112 1519 2179 1573 R.
2209 1519 2292 1585 11,
2333 1535 2354 1572 1
2382 1558 2398 1587 ,
2437 1532 2493 1574 et

1465 1597 1651 1669 virgil.
1677 1597 1729 1650 d.
1755 1598 1786 1651 l.
1812 1617 1901 1651 eos
1924 1599 2079 1651 soetus
2102 1596 2157 1650 in
2183 1597 2491 1667 antiquissi-

1463 1694 1680 1728 morum
1705 1675 1988 1730 hominum
2008 1675 2150 1731 victu
2167 1693 2491 1729 commemo-

1464 1764 1602 1807 rant.
1626 1753 1735 1808 Sed
1750 1758 1954 1809 arborei
1956 1755 2148 1823 selus,
2177 1773 2295 1825 quat
2319 1767 2398 1809 est
2419 1756 2490 1809 al·-

1466 1843 1579 1886 tera
1613 1833 1798 1901 lectio,
1844 1836 2021 1888 forent
2055 1853 2213 1905 poma
2252 1836 2302 1888 X
2325 1875 2344 1902 ,
2375 1836 2491 1908 669.

1468 1910 1599 1965 Haec
1611 1931 1737 1964 vero
1751 1913 1915 1982 magis
1926 1913 2188 1966 culturam
2201 1913 2486 1982 postulant,

1465 1990 1747 2061 minusque
1764 1991 1896 2044 adeo
1911 1991 2084 2061 primo
2093 1991 2268 2043 seculo
2282 2011 2490 2046 convc-

1466 2069 1654 2122 niunt:
1676 2069 2044 2123 tribuunturei
2058 2079 2234 2122 tamen
2243 2070 2495 2159 ‚XV-‚932

1466 2146 1652 2200 Heius.
1687 2147 1869 2216 conj..
1857 2150 2126 2201 ’παύω-ωε
2146 2145 2334 2214 setus,
2372 2147 2408 2199 i.
2445 2168 2488 2199 e

1465 2224 1694 2295 glandes.
1720 2226 1795 2280 At
1809 2225 1874 2279 de
1890 2226 2164 2297 glandibus
2180 2245 2301 2279 mox
2313 2228 2491 2296 sequi-

1464 2313 1569 2356 tur.
1593 2302 1811 2356 Hesiod.
1825 2314 1935 2378 Εῃ.
1959 2325 1976 2355 ι
1991 2304 2489 2379 15,ufvemlp²i)moe‚

1464 2379 1608 2449 quod
1634 2392 1746 2448 est,
1770 2384 2086 2435 abundantes
2105 2387 2330 2436 arbua-is
2341 2382 2493 2451 seli-

1463 2462 1590 2512 bus·
1574 2497 1585 2513 .
1612 2458 1715 2511 vid.
1740 2458 2012 2513 Groevium
2047 2461 2114 2513 ad
2139 2459 2190 2513 h.
2214 2460 2248 2514 1.

1541 2540 1649 2589 105.
1671 2538 1947 2590 Herculia.
1973 2537 2120 2591 Male
2149 2538 2492 2592 Burmannus

1464 2634 1528 2668 ex
1542 2614 1688 2667 Leid.
1703 2623 1757 2668 et
1775 2615 1886 2668 aliis
1902 2614 2216 2684 quibusdam
2235 2617 2489 2685 probabat

1462 2695 1729 2746 horrentia.
1759 2693 1994 2747 Arbores
2016 2693 2139 2761 ipsae
2153 2731 2170 2758 ,
2195 2711 2486 2762 earumque

1463 2771 1598 2824 rami
1621 2781 1761 2825 recte
1790 2770 2042 2824 dicuntur
2055 2773 2275 2832 horrere,
2303 2770 2360 2823 id
2383 2780 2490 2835 est,

1465 2850 1700 2904 eminere
1718 2890 1734 2918 ‚
1763 2868 1875 2903 non
1900 2849 2030 2903 item
2053 2849 2267 2904 fructus.
2293 2849 2490 2919 Regius

1464 2950 1527 2984 ex
1570 2929 2006 3001 interpretatione
2030 2969 2049 2995 ,
2087 2931 2381 2995 pendentia.
2424 2956 2492 2969 -

1469 3011 1659 3063 Comus
1671 3050 1686 3073 ,
1716 3010 2045 3062 Comelbaum
2061 3048 2075 3071 ,
2106 3009 2258 3076 cujus
2271 3009 2489 3074 fructus,

1463 3107 1646 3151 coma,
1682 3087 1899 3157 lapidosi
1929 3097 2089 3154 sunt,
2122 3106 2223 3142 nec
2260 3086 2492 3140 multum

1464 3168 1634 3221 carnis
1670 3166 1866 3222 babent
1891 3205 1907 3233 ‚
1951 3166 2139 3236 quibus
2178 3165 2313 3224 adeo
2353 3167 2488 3222 Ho—

1464 3244 1601 3299 meri
1641 3255 1913 3315 tempore,
1954 3244 2061 3299 Od.
2089 3245 2174 3311 X,
2206 3248 2296 3312 ²4¹
2324 3283 2340 3310 ,
2372 3264 2494 3300 sues

1466 3323 1814 3393 pascebantur
1839 3346 1854 3387 ;
1897 3322 2040 3377 unde
2083 3334 2140 3376 et
2184 3342 2214 3376 a
2245 3347 2256 3358 ¹
2271 3322 2494 3392 Virgilio

1467 3402 1682 3456 AEneid.
1705 3402 1818 3468 111,
1843 3403 1972 3477 649,
1996 3404 2139 3457 inter
2150 3408 2336 3460 vet-tm
2352 3400 2491 3467 Iase—

1465 3485 1613 3534 liccm
1630 3479 1949 3534 reseruntur.
1963 3484 2261 3535 -Rubaetatr.
2279 3479 2493 3548 Asperis

1466 3571 1524 3614 et
1541 3559 1776 3630 spinosis.
1800 3559 2072 3614 Rubetum
2096 3568 2275 3612 autem
2301 3555 2493 3612 dicitur

1467 3639 1613 3694 locus
1630 3676 1649 3703 ‚
1683 3637 1825 3690 rubis
1852 3647 1906 3690 et
1927 3637 2089 3706 spinis
2112 3635 2358 3692 consitus.
2389 3637 2491 3688 Ed.

1466 3745 1536 3761 ·--
1568 3715 1754 3770 Bubus
1770 3753 1785 3782 ,
1823 3717 2275 3768 Bronleerslaude
2291 3755 2305 3777 ,
2347 3733 2502 3768 mora

1467 3794 1723 3851 silvestria
1757 3793 1894 3859 sert,
1930 3792 2120 3862 quibus
2156 3803 2211 3848 et
2246 3792 2367 3864 ipsis
2406 3803 2500 3846 te-

1467 3874 1685 3928 nuiores
1710 3870 1956 3926 homines
1969 3871 2314 3926 vescebantur
2330 3890 2344 3924 2
2360 3870 2504 3924 Plin.

1472 3950 1633 4005 H.N.
1649 3950 1782 4004 XVI
1802 3989 1817 4018 ,
1838 3950 2006 4020 37-71
2028 3970 2043 4014 ;
2073 3947 2282 4013 XXIV,
2309 3944 2508 4013 13-73‚

1470 4031 1626 4082 duros
1641 4033 1793 4083 rubos
1810 4027 1970 4090 dixin
1999 4026 2162 4080 etiam
2185 4027 2381 4080 Noster
2401 4021 2504 4084 IV,

323 4111 515 4160 bula-os
526 4105 714 4173 selus,
742 4106 944 4159 arbuta.
968 4108 1227 4169 Arbulus,
1260 4124 1377 4160 nos·
1472 4107 1632 4161 Pont.
1674 4107 1787 4173 IV,
1835 4108 1884 4173 4.
1924 4132 1992 4145 -
2019 4105 2170 4157 Bene
2205 4104 2412 4162 herere,
2443 4107 2504 4152 ut

325 4184 433 4239 tris
456 4186 839 4237 Erdbeerbwm
856 4224 873 4253 ‚
910 4185 1067 4239 arbor
1087 4184 1331 4239 fruticosa
1357 4224 1374 4253 ‚

1475 4185 1596 4252 ΙΙΙ,
1623 4185 1755 4253 730,
1789 4182 1854 4238 de
1892 4183 2041 4236 soliis.
