2975 4784
602 374 738 442 DE
795 372 1136 439 omn-3
1192 370 2262 440 METAMonPHOSEoN.
2407 397 2490 466 27

369 516 515 602 hic,
567 542 739 615 quos
776 529 963 587 tutos
996 541 1136 587 esse
1172 512 1388 589 vellet.
1454 516 1538 586 ln
1581 513 1878 613 utrisque
1909 511 2249 587 codicillis
2294 511 2496 587 iidem

373 669 607 716 versus
640 658 828 715 erant
849 695 868 727 ,
902 639 974 712 iu
1009 639 1254 739 quibus
1279 637 1766 738 &navumque
1785 638 1984 712 virum
1998 697 2016 725 ‚
2053 639 2499 738 semivimmque

370 766 578 841 bovem
595 824 616 852 ,
654 783 753 854 et,
790 763 1126 865 Egelidum
1156 764 1410 837 Bonan
1432 822 1453 848 ‚
1508 762 1959 864 Egelidumque
1987 764 2248 838 Notum.
2307 765 2500 837 Non-

374 895 564 971 nulla
590 924 732 969 non
764 893 1221 996 amplificavit,
1255 892 1370 967 sed
1398 892 1859 995 prodigialiter
1881 894 2082 969 auxit.
2117 897 2201 968 Iu
2225 922 2361 996 quo
2388 923 2500 990 ge-

374 1056 534 1103 nere
564 1045 725 1102 sunt
753 1053 1042 1128 serpens
1080 1026 1312 1100 Cadmi
1348 1043 1415 1100 et
1446 1024 1943 1101 Erisichtbonis
1974 1024 2198 1100 fames.
2259 1026 2503 1100 Prodi-

376 1154 562 1250 gium
595 1154 775 1228 enim
804 1170 937 1240 est,
968 1150 1247 1253 quodque
1270 1152 1519 1226 urbibus
1535 1178 1663 1226 esse
1688 1210 1708 1238 ,
1776 1148 2083 1252 Quodque
2109 1152 2255 1225 satis
2271 1152 2503 1253 populo
2587 1180 2598 1197 ¹

364 1293 649 1378 poterat,
701 1306 824 1351 non
855 1277 1088 1379 stffcit
1118 1278 1242 1351 uni.

474 1406 555 1477 In
588 1404 962 1478 orationibus
986 1421 1324 1505 spectatur
1354 1402 1480 1477 hoe
1502 1458 1522 1490 ,
1551 1420 1635 1477 ut
1663 1430 1804 1477 uon
1836 1401 2056 1477 solum
2090 1402 2372 1477 consilio
2408 1399 2507 1473 di-

377 1527 627 1616 centis,
663 1527 783 1601 sed
822 1546 892 1602 et
936 1556 1238 1629 personae
1287 1528 1793 1604 accommodata
1826 1527 1962 1601 sint
1993 1558 2009 1602 ε
2051 1554 2197 1628 quae
2229 1544 2507 1627 utraque

376 1649 531 1725 laus
556 1652 967 1727 orationibus
988 1654 1126 1728 fere
1152 1654 1501 1743 omnibus„
1536 1683 1703 1757 quas
1734 1654 1861 1729 hoc
1893 1679 2155 1729 carmen
2185 1652 2507 1755 plurimas

375 1775 625 1863 habet,
664 1776 955 1852 debetur.
1011 1777 1459 1853 Nobilissimae
1493 1796 1683 1865 sunt,
1722 1780 1926 1865 XIII,
1966 1776 2217 1878 1-378,
2257 1777 2505 1885 quibus

376 1900 549 1999 Ajax
581 1920 650 1976 et
686 1902 956 2004 Ulysses
995 1904 1077 1978 de
1113 1903 1396 1979 Achillis
1427 1905 1625 1979 armis
1658 1921 1949 1992 certant,
1983 1930 2268 2004 quarum
2301 1901 2505 1976 altera

382 2024 899 2121 indignationem
924 2084 945 2117 ,
992 2027 1195 2104 altera
1234 2028 1658 2104 calliditatem
1714 2031 1956 2130 spirat,
1990 2028 2107 2102 illa
2155 2027 2509 2101 vehemens

384 2166 513 2234 est,
534 2150 673 2224 haec
694 2154 1059 2254 composita
1082 2170 1150 2228 et
1168 2152 1529 2242 moderata,
1549 2171 1831 2253 utraque
1851 2169 2078 2226 autem
2105 2150 2511 2246 argumentis

382 2272 763 2350 fortissimis
793 2298 1067 2380 pugnat.
1127 2278 1553 2367 Dissuaaoria
1580 2276 1824 2352 Phoebi
1859 2276 1944 2350 ad
1986 2274 2506 2361 Phaethontem,

382 2401 489 2486 Π,
529 2399 799 2476 50-102
821 2461 840 2492 ,
867 2433 1007 2479 non
1031 2403 1237 2477 modo
1266 2418 1806 2500 argumentorum
1829 2400 2126 2502 pondere
2161 2416 2230 2472 et
2259 2398 2512 2473 delectu

382 2523 579 2613 valet,
608 2528 723 2602 sed
747 2547 816 2602 et
838 2530 1129 2607 animum
1155 2547 1506 2632 paternum
1524 2526 2012 2628 sollicitumque
2036 2525 2283 2628 prodit.
2310 2524 2517 2599 Plena

378 2652 764 2728 acerbitatis
792 2672 895 2730 est
925 2658 1174 2744 oratio,
1215 2684 1349 2757 qua
1378 2652 1599 2756 Scylla
1623 2653 1865 2728 Minoa
1884 2652 2281 2747 fugientem,
2310 2650 2508 2736 VIII,

388 2776 605 2850 108-1
620 2779 711 2871 42
730 2835 749 2867 ,
787 2780 1170 2860 insectatur,
1211 2779 1700 2856 convenienter
1718 2778 2042 2879 majestati
2068 2804 2203 2851 suae
2224 2774 2511 2879 Jupiter,

378 2901 454 2988 1,
503 2899 851 2995 182-243‚
886 2905 1068 2978 Deos
1102 2922 1504 2980 convocatos
1538 2904 1938 3007 alloquitur,
1975 2901 2351 3004 sceleraque
2385 2904 2513 2979 ho-

383 3025 645 3100 minum
675 3028 898 3103 verbis
934 3030 1335 3126 gravissimis
1365 3046 1575 3105 notat.
1629 3030 1943 3106 Fidenter
1985 3047 2053 3104 et
2092 3028 2175 3103 a'd
2222 3057 2513 3104 commo-

384 3150 671 3226 vendum
697 3171 852 3256 apte
870 3153 1101 3230 Tellus
1122 3181 1309 3230 suam
1330 3154 1700 3257 mundique
1720 3182 1981 3230 eausam
2007 3155 2174 3251 agit,
2203 3156 2300 3245 11,
2334 3181 2512 3256 279-

383 3269 553 3346 300.
599 3278 859 3350 Metam
888 3276 1284 3380 zelotypiam
1325 3295 1393 3353 et
1427 3280 1593 3359 iram
1626 3309 1702 3355 ex
1740 3280 1845 3355 sui
1885 3299 2219 3357 contemtu
2269 3281 2516 3355 evomit

356 3402 602 3489 Iuno,
630 3405 699 3476 ll
716 3460 737 3492 ,
763 3402 805 3476 5
820 3431 847 3475 1
870 3402 1063 3493 1-30,
1087 3405 1267 3506 apud
1286 3398 1471 3479 Deos
1490 3404 1804 3479 marinos.
1825 3405 2138 3481 Praeclare
2154 3406 2513 3492 Pentheus),

374 3527 524 3613 111,
554 3524 834 3599 531-63
855 3583 873 3617 ,
895 3557 934 3603 a
957 3529 1114 3602 novi
1134 3529 1262 3604 Dei
1288 3527 1607 3616 mollitie,
1635 3557 1674 3602 a
1693 3556 2028 3603 sacrorum
2054 3530 2195 3629 ejus
2231 3531 2516 3632 strepitu

370 3652 456 3723 et
502 3677 541 3721 a
592 3649 1071 3727 Thebanorum
1128 3654 1388 3748 origine
1443 3653 1818 3728 deterrendi
1861 3671 2250 3750 argumenta
2287 3656 2509 3730 sumit.

372 3771 612 3847 Niobe
639 3829 659 3860 ,
692 3776 924 3871 regina
964 3776 1388 3853 celeberrima
1413 3833 1433 3868 ,
1487 3777 1960 3879 superbissime
2012 3804 2220 3874 genus
2267 3806 2462 3855 suum
2493 3834 2516 3866 ,

370 3924 574 4000 opeS,
594 3902 1329 4003 numerosissimamque
1357 3902 1614 4004 prolem
1633 3905 1864 4003 jactat,
1898 3922 2096 4005 atque
2128 3904 2515 3981 contemtim

369 4051 519 4125 prae
551 4051 625 4097 se
659 4026 983 4100 Latonam
1015 4026 1308 4127 spernit,
1344 4028 1479 4116 vl,
1543 4056 1876 4130 170-202.
1931 4030 2258 4104 Convenit
2303 4025 2517 4099 furori

362 4149 643 4249 juvenis
675 4150 935 4226 incitati
960 4171 1028 4227 et
1049 4150 1310 4277 perdite
1332 4154 1611 4227 amantis
1633 4155 1847 4228 oratio
1868 4210 1887 4243 ,
1926 4182 2057 4251 qua
2083 4151 2377 4225 Phoebus
2393 4205 2412 4239 ,
2444 4152 2514 4239 I,
