2975 4784
855 425 1918 499 METAMonPnosEoN.
2359 426 2440 511 41

310 573 475 647 ciam
522 567 866 671 profectus
929 568 1254 644 Helenam
1305 569 1550 671 rapuit.
1607 571 1969 670 Raptorem
2026 569 2237 645 secuti
2292 585 2453 641 sunt

315 687 565 772 Graeci,
601 704 961 786 postquam
993 684 1273 774 Aulide,
1307 700 1580 786 serpente
1611 685 1899 786 quodam
1919 685 1993 758 in
2014 684 2278 786 lapt'dem
2305 713 2452 758 mu-

314 820 490 888 tato,
526 801 810 874 Dianam
838 797 1097 899 placare
1132 798 1484 875 voluerant
1514 799 1845 902 Iphigenia
1872 799 2123 891 oblata,
2162 801 2266 876 cui
2297 827 2454 873 vero

314 933 585 990 mutatae
603 917 746 988 Dea
775 914 1129 988 substituit
1158 944 1433 990 cervam.
1468 917 1748 1016 Trojani
1776 947 1982 1019 quum
2005 918 2176 992 sama
2207 917 2448 992 adven·

321 1049 467 1105 tum
492 1030 876 1103 Graecorum
898 1032 1392 1126 cognovissent,
1415 1034 1649 1108 armati
1665 1063 1781 1109 eos
1802 1052 2204 1137 exspectant.
2222 1035 2458 1108 Primo

322 1146 549 1220 statim
585 1172 950 1240 congressu
996 1143 1239 1253 Cycnus
1263 1205 1282 1233 ,
1336 1147 1422 1222 ab
1458 1147 1722 1224 Achille
1775 1178 1981 1251 super
2024 1149 2310 1251 lapidem
2340 1178 2463 1224 ne-

325 1282 549 1352 catuS,
586 1263 1001 1337 convertitur
1058 1291 1097 1338 a
1150 1264 1470 1365 Neptuno
1533 1265 1606 1338 in
1651 1293 1820 1340 avem
1868 1265 1975 1339 sni
2020 1265 2334 1339 nominis.
2398 1266 2467 1338 Is

327 1397 547 1454 autem
564 1435 585 1468 ,
616 1378 736 1480 qui
756 1376 892 1452 telo
915 1377 1105 1453 nullo
1126 1378 1360 1454 violari
1381 1398 1695 1482 potuerat
1710 1437 1730 1469 ,
1767 1381 1841 1454 in
1863 1382 2168 1455 convivio
2190 1382 2471 1455 heroum

326 1495 603 1569 Nestori
637 1495 708 1568 in
752 1495 1145 1570 memoriam
1185 1496 1540 1570 revocabat
1576 1514 1710 1571 tam
1749 1495 1981 1572 Coeaea
2000 1557 2020 1585 ,
2081 1498 2472 1573 invulnera-

326 1610 540 1685 bilem
573 1628 642 1685 et
672 1611 928 1711 ipsum,
966 1629 1164 1712 atque
1189 1612 1479 1714 primum
1509 1641 1544 1686 e
1572 1612 1815 1687 femina
1839 1614 1911 1686 in
1934 1641 2160 1688 marem
2179 1673 2198 1699 ,
2235 1613 2472 1689 deinde

329 1727 408 1799 in
442 1725 676 1826 praelio
693 1782 713 1815 ,
752 1755 956 1828 quum
979 1727 1295 1802 arborum
1334 1727 1511 1803 mole
1546 1729 1967 1818 obrueretur,
2001 1731 2074 1804 in
2107 1758 2275 1806 avem
2307 1758 2473 1804 con-

332 1871 597 1917 versum
616 1899 637 1932 ,
672 1871 870 1944 quam
918 1844 1194 1917 omnino
1251 1871 1546 1946 pugnam
1598 1843 2038 1952 Centaurorum
2075 1875 2225 1920 cum
2259 1846 2473 1946 Lapi-

334 1959 487 2045 this,
529 1989 819 2060 quorum
846 1988 1003 2061 pars
1030 1961 1307 2034 Caeneus
1342 1960 1576 2035 fuerat.
1617 1962 1746 2035 His
1779 1962 2220 2063 appendicula
2254 1963 2481 2037 addita

339 2078 421 2151 de
471 2077 897 2184 Periclymena
940 2077 1012 2148 in
1069 2077 1335 2177 aquilam
1377 2077 1868 2152 transformato.
1913 2080 2271 2178 Neptunus
2319 2105 2476 2150 vero

340 2194 553 2295 Cycni
580 2211 863 2268 mortem
898 2191 1134 2266 dolens
1169 2193 1466 2266 exoravit
1499 2192 1888 2291 Apollinem
1914 2248 1934 2280 ,
1971 2210 2051 2266 ut
2079 2192 2344 2266 Paridis
2375 2220 2476 2264 sa-

347 2310 589 2406 gittam
623 2309 693 2381 in
725 2308 1043 2384 Achillem
1079 2308 1405 2394 flecteret,
1446 2335 1580 2406 qua
1612 2305 1722 2381 ille
1755 2307 1974 2407 periit.

439 2487 597 2559 Lm.
654 2486 843 2557 XIII.
908 2483 1011 2557 De
1039 2481 1327 2557 Achillis
1357 2483 1557 2557 armis
1590 2484 1784 2584 Ajaae
1809 2500 1875 2556 et
1897 2482 2176 2590 ,Ulysses
2207 2498 2490 2555 conten-

343 2600 517 2674 dunt
544 2630 563 2675 ε
601 2628 677 2674 ac
715 2597 899 2673 illius
928 2599 1255 2701 quidem,
1281 2628 1404 2674 sua
1453 2598 1668 2699 ipsius
1701 2625 1905 2672 manu
1935 2596 2296 2681 interfecti,
2333 2625 2486 2671 san-

342 2717 493 2813 guis
526 2717 603 2790 in
631 2713 1022 2821 lyacrintlmm
1050 2715 1356 2789 vertitur.
1425 2715 1638 2815 Capta
1668 2714 1805 2813 jam
1837 2714 2043 2813 Troja
2062 2770 2082 2802 ,
2122 2712 2386 2787 Hecuba
2417 2714 2487 2787 in

345 2833 672 2920 Thracia,
703 2832 827 2905 ubi
853 2830 1430 2933 Polymnestorem
1458 2832 1806 2907 excaecavit
1828 2886 1846 2917 ‚
1874 2830 1954 2903 fit
1986 2828 2173 2903 canis.
2202 2829 2368 2927 Ejus
2390 2831 2493 2902 in-

351 2948 730 3023 fortunium
752 2976 961 3048 quum
986 2947 1101 3020 Dii
1128 2976 1359 3022 omnes
1380 2945 1840 3048 deplorarent,
1869 2948 2132 3019 Aurora
2156 2943 2286 3019 alio
2307 2944 2491 3020 luctu

359 3065 745 3151 tenebatur,
779 3062 1131 3137 Memnonis
1164 3062 1419 3138 scilicet
1448 3063 1602 3151 filii,
1641 3064 1830 3163 cujus
1863 3091 1898 3136 e
1926 3061 2261 3137 cineribus
2286 3062 2496 3136 Mem·

360 3179 607 3253 nunides
623 3207 776 3254 aves
796 3177 1211 3280 prodierunt.
1240 3179 1511 3254 AEneas
1524 3208 1729 3281 porro
1762 3178 2090 3280 profugus
2107 3178 2191 3253 ad
2212 3178 2492 3265 Anium,

364 3295 737 3396 cujusfilioe
762 3296 835 3369 in
869 3296 1179 3370 columbas
1202 3314 1393 3371 erant
1429 3324 1793 3383 conversae,
1827 3314 1989 3397 post
2026 3294 2154 3369 alia
2190 3295 2499 3394 deinceps

358 3410 509 3486 loca
534 3411 1236 3487 transformationibns
1263 3412 1469 3499 clara,
1504 3413 1574 3485 in
1599 3410 1893 3486 Siciliam
1921 3411 2177 3486 delatus
2200 3430 2302 3486 est
2320 3466 2341 3499 ,
2376 3410 2501 3484 ubi

360 3529 604 3636 Scylla,
648 3530 759 3605 cui
814 3530 1084 3605 Galatea
1133 3547 1358 3603 narrat
1409 3526 1791 3634 Polyphemi
1840 3556 2094 3602 amores
2147 3525 2505 3625 Acidisque

364 3645 663 3734 obitum;
695 3674 830 3746 quo
861 3646 1039 3720 facto
1059 3702 1079 3735 ,
1125 3645 1432 3731 Glaucus,
1469 3645 1541 3717 in
1584 3645 1798 3718 Deum
1832 3644 2130 3717 munitum
2162 3659 2456 3716 mutatus
2481 3696 2503 3728 ,

369 3778 663 3860 apparet.

467 3926 626 3999 Lm.
674 3927 861 4000 XIV.
917 3926 1192 4033 Scyllam
1247 3926 1434 4001 Circe
1477 3945 1693 4002 mutat
1739 3927 1812 3999 in
1856 3938 2206 3998 monstrum,
2267 3921 2510 3993 AEneas

369 4059 595 4116 autem
625 4042 699 4115 iu
741 4043 1037 4117 Africam
1079 4040 1294 4129 venit,
1327 4040 1449 4115 ubi
1482 4072 1634 4117 eum
1669 4042 1853 4118 Dida
1890 4039 2156 4140 excipit.
2215 4029 2511 4108 Tandem

370 4175 483 4246 ut,
516 4158 914 4235 Pithecusas
962 4174 1427 4260 praetervectus
1453 4213 1472 4248 ,
1510 4158 1633 4232 ubi
1673 4155 1971 4255 Cer-capes
2011 4181 2092 4227 ex
2125 4145 2513 4223 hominibus
