2975 4784
706 356 1778 428 METAMORPHOSEON
1828 359 2028 432 LIB.
2077 363 2137 430 1.
2390 362 2477 431 83

352 499 662 599 Cumque
695 498 858 573 satis
884 495 1159 570 arbusta
1193 495 1434 584 simul,
1469 496 1919 599 pecudesque,
1949 500 2297 601 virosque,

355 619 732 716 Tectaque3
772 640 1055 713 cumque
1087 611 1227 686 suis
1257 612 1529 714 rapiunt
1560 613 1919 714 penetralia
1952 617 2171 691 sacris.

357 732 429 805 Si
472 760 606 832 qua
637 729 874 802 domus
905 725 1151 800 mansit
1175 729 1591 829 ‚potuitque
1623 729 1926 805 resistere
1961 748 2145 807 tanto

358 846 692 946 Indejecta
721 842 929 933 malo,
967 841 1230 917 culmen
1263 861 1482 918 tamen
1519 842 1718 917 altior
1743 844 1945 945 hujus

359 968 561 1042 Unda
597 967 794 1063 tegit,
832 992 1204 1067 pressaeque
1236 964 1464 1039 labant
1498 967 1626 1040 sub
1662 968 1924 1063 gurgite
1963 985 2195 1043 turres.

2391 1007 2490 1065 ²9⁰

357 1093 642 1193 Jamque
670 1118 849 1164 mare
882 1107 950 1163 et
984 1087 1182 1163 tellus
1213 1087 1474 1163 nullum
1511 1088 1867 1165 discrimen
1899 1090 2258 1166 habebant.

360 1214 609 1289 Omnia
639 1230 892 1315 pontus
925 1228 1145 1300 erant;
1175 1211 1448 1287 deerant
1480 1241 1748 1314 quoque
1785 1213 1981 1288 litora
2014 1233 2245 1317 ponto.

362 1339 669 1439 Occupat
702 1337 811 1411 hic
848 1334 1091 1410 collem
1128 1363 1145 1409 ε
1189 1336 1422 1436 cymba
1456 1336 1643 1411 sedet
1674 1335 1840 1412 alter
1869 1337 2158 1428 adunca,

342 1550 528 1619 smus
546 1552 773 1612 cumulo,
795 1567 1094 1618 camposque
1101 1568 1198 1617 per
1212 1567 1384 1603 oum
1468 1557 1643 1619 pelta
1685 1555 1884 1620 ὠμὴ·
1925 1561 1982 1605 et
2022 1556 2243 1605 natm&
2278 1555 2498 1621 pueriles

361 1634 487 1686 Cnnae
511 1635 731 1684 stabulis
755 1638 982 1685 amenta
1002 1634 1176 1684 trabit.

424 1712 540 1780 287.
551 1710 737 1762 Sacris.
745 1710 916 1774 Sacra,
929 1708 1203 1762 simulacra
1215 1710 1383 1764 Pena·

355 1799 475 1842 tum
500 1805 732 1857 quorum
750 1787 966 1839 sacraria
982 1797 1134 1840 erant
1142 1795 1384 1854 penetra-

350 1867 499 1919 lav
504 1863 576 1918 id.
598 1862 772 1918 Cerda
785 1863 848 1916 ad
858 1864 1006 1934 Virg.
1021 1863 1146 1917 AEn.
1166 1865 1240 1933 11,
1261 1866 1376 1939 293,

353 1954 408 1998 et
420 1944 621 2015 Heyne
638 1941 763 1996 Exc.
780 1941 873 1994 lx.
886 1970 954 1981 —
965 1943 1190 2005 Manere,
1208 1967 1379 2011 μινιιν,

356 2019 609 2075 dicuntur
636 2038 754 2089 quae
775 2029 969 2072 statum
993 2038 1149 2072 suum
1170 2030 1380 2073 servant

355 2097 918 2163 immota1Liv.XXI,
948 2098 1028 2150 58.

428 2176 546 2247 289.
566 2177 839 2242 Indejecla.
875 2172 1114 2242 Quidam
1136 2175 1383 2241 ιἰιᾶιὶἤιό-

359 2258 449 2314 Ia,
479 2250 623 2321 quod
643 2251 822 2321 probat
844 2253 1142 2306 Burmann.
1157 2250 1220 2303 ad
1242 2251 1378 2318 ΧΠ,

365 2350 495 2404 ¹⁰9·
525 2328 616 2382 ubi
641 2327 820 2395 docet,
847 2330 1053 2397 disjici,
1088 2346 1206 2398 quae
1229 2348 1383 2381 ever-

356 2418 549 2462 tantur
573 2415 627 2459 et
651 2404 989 2459 destruantur
1013 2407 1112 2472 ita,
1140 2415 1197 2457 ut
1222 2406 1276 2458 in
1305 2403 1384 2457 di-

354 2504 528 2540 versas
544 2494 722 2554 partes
740 2483 887 2553 quasi
902 2484 1037 2553 jacta
1055 2484 1383 2553 frangantur.

421 2582 536 2636 ²9⁰·
577 2562 791 2614 Labant
822 2579 922 2630 pro
960 2563 1125 2614 lateat
1155 2559 1385 2614 restituit

354 2643 577 2710 Heius„
604 2662 633 2696 e
661 2641 853 2696 Senec-
879 2642 945 2694 N.
974 2639 1047 2710 Q.
1072 2641 1156 2695 ΠΙ
1177 2680 1192 2707 ,
1222 2662 1384 2709 27.—

362 2722 571 2780 Tums,
607 2738 753 2773 arces
776 2737 962 2788 regum
1001 2718 1383 2790 beatorumque

355 2797 641 2851 hominum
668 2797 879 2850 altiores
907 2836 921 2863 ,
964 2807 1054 2849 aut
1080 2794 1297 2849 edificia
1327 2794 1387 2850 in

358 2895 479 2929 mon
488 2876 630 2929 tibus
642 2884 924 2928 exstructa:
937 2873 1062 2927 tales
1072 2884 1389 2942 turres,qua-

358 2952 429 3007 les
440 2973 540 3007 nos
552 2954 786 3018 bahem„
804 2952 1063 3022 ignoravit
1074 2949 1238 3022 prisca
1249 2960 1388 3004 otas.

425 3033 667 3105 292-308.
687 3033 875 3083 Omnia
881 3037 1068 3098 pontus
1082 3036 1240 3083 eran!-
1254 3029 1389 3082 Lau-

361 3107 452 3160 dat
470 3110 657 3162 Burm.
682 3107 902 3161 Anthot.
922 3107 1007 3160 tib.
1031 3108 1085 3161 11
1104 3148 1121 3175 ‚
1147 3127 1259 3177 cap.
1284 3123 1351 3160 xl.
1365 3146 1383 3176 ,

369 3184 487 3250 23⁴,
500 3185 590 3238 1ὼί
607 3184 673 3238 de
686 3184 791 3238 hoc
806 3184 1022 3250 diluvio,
1036 3191 1157 3261 caup
1171 3188 1241 3238 ὅτε
1254 3180 1388 3238 πάντ’

363 3269 568 3331 ἐγενήθη.
588 3291 655 3304 -
685 3266 917 3317 Beeran!
942 3276 1040 3317 etc.
1066 3263 1196 3317 Haec
1227 3263 1385 3316 verba

358 3342 447 3394 vix
490 3343 613 3395 ferri
651 3353 872 3413 possunt
895 3361 908 3405 ς
959 3342 1090 3397 adeo
1133 3345 1387 3412 languent

355 3432 478 3491 post
495 3423 893 3478 antecedentia!
910 3423 1017 3476 Sed
1034 3424 1086 3476 in
1109 3424 1256 3476 omni
1278 3440 1383 3491 seq.

354 3502 474 3555 loco
497 3503 792 3556 accusanda
819 3513 897 3556 est
930 3503 1158 3558 luxuries
1185 3493 1388 3572 ingenii

353 3578 613 3635 ovidiani
632 3622 649 3649 ,
676 3594 896 3653 propter
916 3582 1135 3635 nimiam
1153 3580 1388 3650 longitu-

353 3658 539 3712 dinem
559 3700 573 3726 ,
598 3671 819 3730 propter
837 3661 1084 3713 minutias
1102 3654 1120 3726 ζ
1139 3677 1267 3727 quas
1282 3676 1386 3710 sec·

352 3744 532 3802 tatur,
559 3747 613 3790 et
644 3736 788 3806 quod
817 3735 1074 3791 nonnussa
1098 3753 1262 3806 prope
1290 3734 1385 3801 io-

349 3831 477 3866 cosa
503 3812 732 3869 admixta
757 3827 884 3870 sunt
901 3855 915 3882 ,
956 3833 1072 3884 quae
1098 3813 1386 3866 abhorrent

350 3911 381 3945 a
426 3901 589 3946 tantae
627 3893 787 3948 cladis
828 3894 1195 3965 descriptione.
1240 3894 1383 3945 Vere

353 3968 543 4025 Senec.
572 3969 637 4026 N.
663 3971 740 4041 Q.
766 3971 883 4038 111,
914 3995 1008 4045 27,
1037 3972 1123 4024 ubi
1148 3970 1200 4025 h.
1225 3970 1258 4022 1.
1285 3988 1381 4022 re·-

350 4060 533 4104 censet
559 4072 572 4107 ς
611 4053 718 4105 Pro
740 4056 1087 4124 περιῆφθαι
1111 4054 1193 4102 ree'
1212 4051 1349 4100 dixi!
1366 4068 1384 4103 .·

356 4127 562 4184 Omnia
580 4140 783 4202 pontus
804 4141 901 4185 etc.
919 4172 935 4200 ,
959 4135 1071 4185 ahi
1085 4134 1280 4182 tantum
1297 4130 1383 4179 int·

1475 1635 1697 1699 theple'as
1720 1636 2006 1685 κήπὶ-,κεί
2030 1649 2047 1682 .·
2081 1633 2185 1688 Nat
2221 1633 2373 1703 lupus
2397 1644 2496 1688 etc„

1476 1712 1593 1762 Non
1606 1717 1688 1762 cs!
1697 1730 1777 1763 res
1794 1716 1924 1763 saleis
1935 1715 2110 1765 sobria
2124 1753 2137 1774 ‚
2164 1715 2401 1766 lasce’m'n·
2414 1716 2498 1767 de·

1478 1793 1648 1839 corato
1671 1791 1787 1840 orbe
1806 1796 2061 1842 terrarum.
2088 1787 2380 1859 Exspatiata
2398 1798 2498 1842 etc.

1475 1865 1749 1935 Magnifice
1774 1868 1870 1919 hoc
1887 1908 1900 1928 ,
1940 1871 1997 1918 si
2020 1885 2118 1918 noa
2154 1873 2353 1919 curavi!
2376 1867 2507 1935 quid

1476 1963 1592 2002 oves
1611 1951 1667 1995 el
1685 1946 2024 2011 lupisacianl.
2051 1947 2242 1996 Nalan'
2257 1951 2424 1995 aulem
2441 1949 2499 1997 1'12

1476 2021 1844 2087 dc‘lum'opoles!
1858 2025 1887 2075 ?
1902 2031 2001 2073 etc.
2018 2021 2224 2073 Primas
2245 2031 2423 2072 autern
2443 2018 2497 2071 h.

1477 2094 1510 2148 l.
1525 2096 1690 2149 lineas
1712 2098 1844 2149 Hor.
1860 2097 1885 2149 1
1904 2136 1919 2162 ‚
1941 2093 2048 2149 od.
2073 2113 2118 2149 11
2137 2136 2151 2161 ,
2172 2097 2300 2148 6-12
2318 2095 2465 2149 duxit
2481 2135 2497 2162 ‚

1479 2173 1569 2240 qui
1593 2174 1768 2242 etipse
1794 2174 1902 2241 jam
1924 2173 2151 2242 antiquis
2173 2172 2381 2226 Criticis
2397 2172 2501 2226 dis-

1476 2249 1672 2318 plicuit.
1697 2249 1891 2318 Porph.
1915 2249 1979 2301 ad
2006 2250 2151 2302 illum
2175 2251 2352 2303 locum
2371 2269 2382 2301 :
2400 2251 2503 2301 Le-

1479 2325 1606 2382 νίίεν
1617 2368 1629 2388 ,
1658 2326 1831 2395 inquit
1849 2365 1863 2392 ‚
1891 2331 1946 2378 e'n
1963 2347 2017 2379 re
2033 2335 2136 2380 lam
2152 2332 2321 2380 atroce·
2332 2331 2504 2394 elpis-

1476 2411 1611 2457 ce'um
1625 2407 2029 2471 etpalumbarum
2039 2410 2278 2458 meminit.
2305 2403 2502 2457 Iisdem

1476 2483 1614 2537 vitiis
1640 2483 1777 2535 infra
1804 2483 1858 2536 11
1880 2522 1896 2550 ,
1923 2484 2023 2538 sab.
2052 2500 2074 2537 1
2090 2523 2104 2550 ,
2137 2481 2368 2537 incendii
2394 2482 2500 2536 de·-

1476 2564 1688 2633 scriptio
1705 2563 1919 2616 laborat.
1933 2561 2182 2634 —Spero
2199 2582 2285 2615 me
2305 2561 2501 2615 habere

1479 2661 1586 2712 quo
1601 2643 1854 2696 Nostrum
1879 2642 1941 2694 ab
1957 2641 2056 2694 hac
2078 2640 2404 2711 sugillatione
2426 2660 2500 2693 as-

1480 2742 1652 2798 seram
1679 2743 1692 2785 ς
1748 2721 1905 2791 idque
1941 2719 2188 2791 principis
2227 2728 2503 2787 poetarum

1482 2801 1738 2871 exemplo.
1779 2801 1966 2869 Neque
2008 2797 2155 2851 enim
2200 2796 2286 2851 hic
2312 2837 2325 2859 ,
2383 2796 2503 2850 alibi

1481 2877 1619 2934 sorte
1640 2920 1655 2946 ,
1693 2878 1923 2942 lascivit,
1956 2875 2047 2931 sed
2077 2874 2215 2929 serio
2248 2885 2302 2927 et
2331 2874 2502 2928 sobrie

1483 2968 1633 3012 curat
1649 2955 1774 3028 quid
1801 2966 1919 3024 agat
1937 2954 2090 3025 lupus
2105 2954 2247 3007 inter
2265 2973 2414 3016 oves;
2443 2963 2503 3007 ut

1484 3036 1575 3104 qui
1589 3034 1764 3089 salutis
1776 3053 1882 3087 suae
1891 3043 2087 3103 satagat
2099 3051 2209 3086 non
2222 3032 2503 3103 respiciens

1481 3113 1714 3186 predam
1738 3150 1754 3178 ,
1799 3111 1895 3165 sibi
1937 3110 2215 3181 prospiciat
2240 3150 2255 3176 ‚
2304 3111 2501 3181 rapinae

1482 3191 1665 3260 utique
1688 3189 1984 3242 immemor.
1999 3188 2182 3257 virgil.
2202 3186 2396 3257 Georg.
2415 3187 2502 3241 lib.

1482 3270 1602 3336 111,
1631 3288 1763 3322 vers.
1797 3268 1891 3339 537
1912 3309 1927 3332 ,
1955 3268 2010 3321 in
2035 3265 2347 3340 hypotyposi
2374 3264 2502 3318 diro

1482 3358 1539 3402 et
1557 3346 1735 3400 omnia
1755 3346 2048 3416 popvhntis
2064 3346 2218 3418 pestis
2231 3387 2244 3408 ‚
2266 3353 2382 3414 post
2397 3352 2510 3395 tau·

1482 3446 1597 3491 ros,
1621 3443 1783 3494 equos
1799 3465 1813 3492 ,
1838 3445 1983 3490 sues,
2011 3423 2254 3476 homines
2270 3462 2284 3487 ,
2310 3420 2503 3475 hostias

1480 3497 1568 3555 lue
1584 3500 1821 3571 abreptas
1838 3542 1853 3568 ‚
1872 3501 2048 3570 adjicit
2065 3501 2264 3554 etseras
2275 3499 2471 3569 rapine
2484 3538 2502 3564 ‚

1482 3597 1589 3649 prae
1613 3578 1825 3649 langore
1842 3619 1857 3645 ,
1879 3580 2223 3632 immemores
2238 3616 2252 3641 ,
2281 3574 2506 3646 promis-

1480 3676 1577 3710 cue
1606 3656 1747 3708 inter
1772 3667 1995 3710 assuetas
2019 3652 2219 3724 praedas
2243 3655 2505 3706 obambu-

1478 3738 1586 3790 lare
1601 3757 1614 3789 :
1631 3739 1747 3790 Non
1762 3739 1913 3804 lupus
1924 3737 2142 3788 e'nsaekiaelas
2158 3736 2390 3800 explora!
2399 3736 2509 3785 ovi-

1479 3809 1556 3868 Ie'd
1589 3819 1774 3867 citrum
1787 3852 1801 3879 ,
1844 3815 1952 3867 Nec
1976 3816 2207 3883 gregibus
2237 3817 2508 3863 nocturnus

1479 3891 1772 3946 obambulat
1779 3910 1797 3958 ,·
1816 3891 2015 3962 quare?
2030 3895 2200 3943 acrior
2209 3891 2351 3941 illum
2372 3886 2503 3936 Cura

1478 3971 1655 4023 doma!
1669 3991 1686 4022 .·
1704 3975 1876 4023 limidi
1887 3975 2048 4024 dame
2062 4009 2075 4030 ‚
2104 3960 2502 4032 cerm’quesneo-

1478 4068 1589 4122 ces,
1627 4051 1773 4102 Nunc
1793 4053 2013 4115 interque
2032 4060 2187 4102 canes
2201 4080 2216 4103 ,
2241 4044 2295 4089 e!
2325 4039 2510 4110 citrum

1477 4134 1613 4179 tecla
1638 4129 1901 4192 vagantur.
1927 4121 2028 4174 Ed.
