2975 4784
461 404 548 490 40
1332 405 1717 476 semes

452 563 714 621 caeteras
736 545 926 647 pinus
965 572 1047 618 ex
1096 545 1245 651 Atr
1282 564 1480 649 atque
1517 573 1832 647 cupressus
1863 574 1899 620 e
1940 542 2276 651 &par-issa
2307 561 2584 637 mutata.

458 660 758 751 Canebat
788 678 1007 734 autem
1052 659 1162 735 ille
1210 662 1290 736 de
1341 681 1539 763 raptu
1592 659 1967 768 Ganymedis
1986 718 2004 744 ‚
2071 658 2152 733 de
2197 656 2540 764 Hyacinthi
2559 716 2580 743 ,

451 778 536 852 ab
568 776 885 877 Apolline
914 778 1111 851 amati
1139 796 1207 851 et
1240 778 1604 864 interfecti,
1641 778 1712 850 in
1762 774 2152 883 hyacinthum
2183 774 2414 848 florem
2444 830 2464 861 ‚
2507 773 2590 849 de

464 891 851 967 Cer-astarum
881 895 951 967 in
976 910 1183 969 tauros
1204 955 1220 980 ‚
1261 895 1341 969 de
1368 894 1866 996 Pmpoete'danun
1890 895 1961 966 in
1986 890 2220 993 Iapides
2239 949 2258 977 ,
2299 890 2381 964 de
2413 891 2592 991 Pyg-

457 1008 767 1083 malionis
800 1025 1002 1083 statua
1031 1010 1103 1083 in
1132 1010 1437 1083 mulierem
1464 1010 1668 1083 vivam
1720 1008 1955 1105 (unde
1989 1025 2187 1081 natus
2217 1004 2537 1105 Paphus)
2565 1065 2584 1091 ,

462 1122 541 1198 de
576 1122 901 1231 Myrrha,
936 1143 1214 1227 propter
1241 1125 1571 1199 incestum
1604 1152 1753 1198 cum
1790 1140 1977 1225 patre
2013 1120 2439 1197 concubitum
2459 1177 2480 1207 ‚
2521 1121 2594 1193 in

461 1238 789 1346 Myrrham
820 1241 1129 1315 arborem
1148 1296 1168 1327 ‚
1200 1258 1398 1342 atque
1428 1239 1510 1314 de
1544 1238 1860 1315 Adonidis
1880 1298 1900 1325 ,
1940 1239 2047 1311 cui
2080 1240 2311 1311 Venus
2347 1235 2595 1337 Hippo-

462 1358 650 1431 menis
667 1376 734 1431 et
748 1358 1165 1433 Atalantoein
1187 1354 1435 1459 templo
1457 1354 2045 1430 concumbentium
2065 1354 2137 1426 in
2160 1354 2359 1427 leones
2380 1370 2596 1427 trans-

461 1471 894 1549 formationes
928 1492 1332 1563 narraverat,
1374 1474 1445 1546 in
1480 1500 1828 1548 wernonem
1862 1470 2253 1545 mutatione.

563 1635 717 1709 Lm.
756 1636 874 1707 xl.
917 1634 1095 1706 Hinc
1135 1633 1206 1706 T
1199 1633 1427 1707 hracioe
1456 1633 1734 1706 mulieres
1755 1659 1961 1731 quum
1996 1629 2271 1730 Orphea
2304 1629 2600 1728 discerp—

466 1748 741 1836 sissent,
778 1763 1046 1848 serpente
1066 1805 1083 1832 ,
1128 1748 1244 1848 qui
1279 1776 1354 1823 os
1395 1749 1535 1847 ejus
1570 1749 1872 1848 petebat,
1910 1748 1982 1819 in
2013 1744 2275 1845 laoidem
2304 1763 2595 1832 mutato,

466 1863 541 1936 in
571 1863 814 1937 arbores
844 1892 1172 1938 conversae
1206 1851 1366 1939 sunt
1391 1894 1429 1939 a
1449 1865 1715 1940 Baccho
1731 1921 1750 1954 ‚
1790 1865 1906 1966 qui
1924 1919 1944 1953 ‚
1980 1862 2210 1939 relicta
2226 1919 2245 1951 ,
2278 1863 2367 1937 ob
2393 1862 2601 1936 inter-

467 1979 715 2054 fectum
732 1998 946 2056 vatem
963 1981 1244 2055 Thracia
1258 2037 1278 2069 ,
1302 1981 1374 2054 in
1395 1981 1753 2084 Phrygiam
1774 2010 1843 2057 se
1863 1979 2179 2067 contulit,
2201 1979 2327 2053 uhi
2345 1978 2594 2063 Midas,

474 2098 583 2170 cui
616 2124 742 2196 pro
791 2096 1020 2171 Sileno
1063 2097 1376 2171 restituto
1427 2099 1572 2171 auri
1621 2099 1854 2199 copiam
1901 2098 2077 2172 fecit.
2134 2096 2344 2196 Cujus
2397 2123 2605 2203 quum

474 2212 665 2289 illum
696 2215 1079 2316 poeniteret,
1118 2215 1190 2288 in
1226 2213 1489 2288 Pactolo
1532 2213 1713 2289 lotus
1754 2243 1970 2289 arenas
2017 2216 2158 2314 ejus
2198 2240 2415 2287 aureas
2457 2211 2606 2286 red-

476 2330 665 2405 didit.
707 2332 952 2407 Postea
981 2331 1280 2407 Phoebus
1314 2360 1438 2434 pro
1471 2330 1708 2433 iniquo
1729 2332 1982 2431 judicio
2008 2358 2184 2404 aar-es
2216 2326 2314 2400 illi
2344 2327 2610 2401 asininas

476 2447 736 2522 tribuit.
773 2448 933 2543 Quo
960 2445 1158 2535 facto,
1177 2448 1451 2546 Trojam
1476 2447 1815 2549 profectus
1836 2443 2109 2547 Apollo,
2131 2440 2610 2516 Laomedontem

476 2591 707 2638 muros
740 2564 1074 2662 Trojanos
1107 2581 1555 2639 exstruentem
1597 2563 1866 2660 adjuvit.
1934 2559 2168 2635 Filiam
2200 2556 2342 2655 ejus
2375 2555 2612 2629 Hesio-

480 2710 596 2755 nen
615 2741 634 2769 ,
678 2709 837 2757 saxo
871 2680 1232 2777 alligatam,
1275 2679 1580 2755 liberavit
1613 2675 1934 2753 Hercules
1953 2733 1972 2765 ,
2009 2675 2362 2774 conjugem
2390 2691 2614 2749 autem

484 2796 679 2872 duxit
716 2797 788 2870 T
781 2797 1049 2883 damon,
1093 2794 1648 2897 quemadmodum
1692 2792 1917 2867 Peleus
1945 2791 2231 2867 Thetida
2287 2790 2612 2867 transfor-

485 2941 678 2986 mem.
741 2916 809 2987 Is
857 2914 941 2989 ad
999 2915 1278 3015 Ceycem
1334 2929 1572 3014 postea
1622 2909 1961 3013 profectus
1987 2965 2008 2996 ‚
2072 2908 2511 2984 Doedalionem
2544 2906 2615 2979 in

485 3029 822 3127 accipitrem
850 3087 869 3114 ,
931 3048 1000 3106 et
1028 3032 1239 3132 lupum
1278 3029 1350 3102 in
1397 3048 1621 3101 saxum
1655 3053 2048 3101 conversum
2066 3080 2087 3113 ‚
2144 3024 2387 3126 partim
2419 3019 2617 3097 intel-

486 3142 765 3229 lexerat,
801 3146 1043 3245 partim
1077 3147 1221 3247 ipse
1248 3145 1521 3219 viderat.
1586 3141 1720 3216 Sed
1768 3140 1944 3248 qu
1976 3141 2047 3214 in
2080 3140 2314 3216 itinere
2350 3139 2436 3213 ad
2471 3168 2619 3214 ora-

492 3256 715 3333 culum
748 3258 1044 3335 Clarium
1077 3279 1386 3363 suscepto
1425 3258 1626 3362 periit
1658 3255 2028 3352 naufragio.
2056 3255 2320 3331 Accidit
2346 3255 2618 3342 deinde,

491 3392 571 3448 ut
600 3372 957 3479 Halcyone,
996 3377 1236 3451 marito
1272 3392 1434 3478 post
1465 3371 1885 3468 naufragium
1922 3371 2049 3445 sub
2085 3369 2386 3471 Morphei
2410 3371 2626 3468 figura

495 3490 861 3564 secundum
895 3488 1184 3590 quietem
1222 3506 1580 3591 conspecto
1603 3543 1622 3576 ,
1652 3487 1726 3560 in
1751 3487 2079 3593 halcyonen
2107 3513 2325 3573 avem,
2357 3486 2532 3591 eicut
2555 3502 2625 3559 et

494 3605 792 3694 maritus,
821 3621 1205 3679 mutaretur.
1236 3606 1433 3704 Quos
1459 3603 1756 3683 volantes
1782 3631 1992 3705 quum
2014 3602 2627 3678 animadvertissent

498 3721 800 3824 quidam,
834 3721 1162 3797 AEsacam
1182 3781 1202 3808 ‚
1244 3722 1490 3795 Priami
1524 3720 1768 3808 filium,
1818 3719 2154 3821 quondam
2202 3720 2275 3792 in
2306 3746 2573 3820 mergum
2597 3776 2618 3805 ,

501 3838 616 3942 qui
654 3856 796 3913 tum
824 3838 997 3913 sorte
1032 3837 1258 3912 aderat
1277 3893 1298 3926 ‚
1329 3838 1685 3945 meminere
1722 3837 2281 3913 transformatum.

595 4014 752 4088 Lm.
782 4012 939 4085 XII.
1003 4009 1183 4083 Huic
1211 4026 1355 4083 tum
1386 4007 1678 4084 Priamus
1707 4030 1926 4114 pater,
1965 4029 2282 4112 tanquam
2314 4025 2583 4085 mortuo
2609 4060 2634 4096 ‚

497 4128 845 4231 exsequias
871 4126 1030 4203 fecit
1048 4155 1182 4202 una
1205 4153 1359 4201 cum
1378 4123 1570 4216 filiis,
1599 4145 1873 4229 excepto
1894 4126 2158 4213 Paride,
2196 4126 2312 4227 qui
2338 4125 2409 4201 in
2440 4125 2630 4201 Grae·
