2975 4784
539 363 669 450 428

1077 361 1158 429 P.
1211 361 1569 434 OVIDII
1622 359 2067 458 NASONIS

535 505 677 576 Nec
707 517 922 574 tamen
956 500 1294 576 admonita
1327 520 1428 576 est
1458 530 1654 603 poena
1684 501 2025 603 popularis
2060 501 2391 576 Arachnes

2560 525 2657 576 150

539 615 794 691 Cedere
823 613 1200 706 Caelitibus,
1233 619 1585 718 verbisque
1618 618 1995 692 minoribus
2030 618 2172 691 uti:

540 729 763 805 Multa
795 731 1043 807 dabant
1075 735 1329 809 animos
1355 764 1372 822 ;
1404 734 1516 808 sed
1554 735 1728 808 enim
1754 761 1877 807 nec
1911 733 2212 830 conjugis
2246 751 2415 807 artes
2438 789 2457 820 ‚

537 847 678 919 Nec
711 874 920 940 genus
951 839 1300 924 amborum
1320 905 1339 936 ‚
1376 848 1731 948 magnique
1766 845 2065 947 potentia
2093 846 2322 943 regni,

541 962 651 1035 Sic
687 961 988 1062 placuere
1023 961 1121 1036 illi
1145 1019 1164 1051 ,
1203 963 1499 1064 quamvis
1526 991 1603 1037 ea
1636 979 1868 1036 cuncta
1902 961 2289 1062 placebant,

542 1083 639 1154 Ut
671 1109 789 1155 sua
824 1082 1206 1182 progenies;
1245 1098 1311 1153 et
1342 1078 1719 1154 felicissima
1748 1095 2034 1152 matrum

2566 1100 2653 1151 155

542 1196 737 1270 Dicta
770 1195 945 1270 soret
979 1196 1194 1271 Niobe
1215 1252 1232 1283 ‚
1268 1195 1326 1269 si
1356 1223 1499 1269 non
1532 1195 1665 1268 sibi
1700 1195 1839 1268 visa
1870 1194 2125 1269 fuisset.

542 1320 712 1392 Nam
749 1336 888 1393 sata
918 1317 1171 1393 Tiresia
1190 1374 1208 1407 ‚
1242 1318 1505 1406 venturi
1536 1316 1839 1419 praescia,
1875 1318 2115 1390 Manio

544 1443 674 1516 Per
701 1440 949 1514 medias
979 1440 1224 1529 fuerat,
1256 1440 1479 1513 divino
1513 1439 1769 1514 concita
1803 1455 1994 1512 motu
2027 1494 2045 1527 ‚

545 1564 918 1639 Vaticinata
950 1563 1087 1639 vias
1117 1594 1132 1638 :
1169 1597 1205 1630 «
1235 1562 1598 1640 Ismenides
1619 1619 1637 1652 ‚
1670 1549 1765 1636 ite
1792 1561 2171 1663 frequentes
2195 1616 2215 1648 ‚

549 1778 657 1846 iam
674 1775 853 1845 nupeit
876 1773 1181 1844 Amphioni.
1201 1772 1362 1827 Certe
1379 1793 1409 1827 a
1427 1775 1562 1828 Pau·

547 1876 655 1911 san.
674 1858 756 1910 lx
774 1895 789 1922 ,
814 1875 862 1925 p.
884 1873 980 1924 720
995 1893 1010 1922 ,
1038 1854 1303 1923 Amphion
1332 1855 1400 1907 ob
1413 1855 1564 1909 Tan-

547 1933 637 1986 tali
655 1932 963 1986 affinitatem
987 1930 1181 2003 Lydios
1203 1931 1390 1985 modos
1406 1950 1435 1984 a
1452 1932 1564 2003 Ly-

549 2010 648 2066 diis
667 2010 899 2065 didicisse
927 2020 1188 2063 narratur.
1200 2039 1267 2051 --
1283 2012 1571 2063 Admoneri

552 2088 831 2159 exemplis,
865 2088 928 2142 iis
948 2086 1173 2158 impelli,
1207 2097 1268 2142 ut
1300 2087 1393 2141 tibi
1426 2106 1568 2140 con-

551 2167 698 2221 sulas.
720 2193 788 2208 ·-
817 2169 992 2220 Verbeia·
1006 2170 1279 2219 astitoribus
1303 2170 1405 2228 uli,
1443 2165 1572 2219 sub-

554 2246 757 2300 missius
795 2245 971 2314 loqui,
1003 2255 1063 2298 ut
1092 2263 1245 2298 versu
1278 2244 1392 2298 368.
1430 2243 1569 2297 Vide

553 2322 617 2376 ad
647 2324 725 2377 IX
747 2363 763 2390 ‚
788 2323 871 2375 31.

625 2407 734 2455 152.
758 2402 976 2454 Ambos
995 2440 1012 2463 ‚
1051 2399 1365 2470 superbiam.
1385 2423 1453 2439 ·-
1473 2397 1580 2451 sel

554 2485 707 2544 enim,
738 2490 791 2534 at
816 2499 956 2533 vero.
976 2481 1208 2533 —Arles
1227 2479 1423 2532 habent
1445 2477 1575 2531 no-

553 2563 793 2616 rentinus
819 2562 1073 2632 optimus,
1091 2561 1292 2630 primus
1315 2569 1372 2613 et
1391 2578 1572 2612 secun·

556 2639 654 2693 dus
674 2638 947 2693 Mediceus
970 2678 985 2705 ,
1025 2639 1217 2707 aliique
1243 2636 1539 2706 complures
1561 2656 1576 2700 ς

557 2718 846 2787 probarunt
862 2717 962 2771 boc
978 2718 1230 2771 Heinsius
1246 2755 1261 2783 ,
1285 2717 1575 2770 Bersman-

557 2816 686 2862 nus,
724 2798 1029 2861 Fontanus,
1055 2795 1432 2858 Burmannus3
1471 2811 1579 2847 σε·

558 2874 658 2927 teri
676 2914 692 2940 ‚
716 2892 874 2927 arces.
891 2902 958 2915 -
974 2871 1156 2926 Codex
1175 2871 1372 2940 Regius
1389 2872 1434 2923 A
1449 2908 1464 2935 ,
1488 2889 1578 2921 ar-

559 2971 677 3018 ces‚·
705 2951 887 3006 Codex
911 2952 985 3017 B,
1009 2957 1146 3004 artes
1173 2970 1190 3002 ι
1213 2949 1316 3002 hoc
1339 2947 1578 3018 pratuli-

562 3048 680 3082 mus
702 3048 823 3083 cum
845 3039 928 3082 tot
949 3038 1002 3082 et
1026 3028 1181 3080 tantis
1202 3027 1325 3079 viris
1351 3045 1364 3078 ε
1389 3042 1582 3095 quam-

561 3107 638 3161 vis
659 3108 805 3161 enim
826 3116 962 3162 artes
991 3124 1125 3176 saepe
1149 3106 1206 3159 in
1229 3104 1421 3158 malam
1456 3121 1582 3173 par-

564 3199 675 3243 tem
704 3190 1056 3258 accipiantur,
1085 3189 1171 3243 bic
1204 3188 1271 3242 de
1297 3186 1490 3242 musica
1526 3196 1583 3239 et

564 3266 690 3339 lyrae
738 3266 1073 3338 Amphioniae
1114 3266 1402 3332 miraculis,
1443 3264 1579 3317 sorte

568 3346 729 3399 etiam
749 3343 816 3398 de
839 3346 1002 3414 regali
1023 3346 1277 3414 sapientia
1303 3355 1357 3398 et
1380 3341 1582 3413 optimo

566 3423 824 3495 regimine
853 3420 1256 3491 intelligendum
1299 3432 1377 3476 est
1393 3461 1407 3489 ,
1452 3420 1582 3473 dum

567 3523 712 3559 arces
725 3503 1071 3574 ¹tautologiam
1089 3521 1293 3556 meram
1321 3501 1587 3558 redoleret

570 3600 694 3636 cum
722 3583 956 3648 potentia
990 3582 1168 3647 παρη·
1200 3586 1351 3646 mgni.
1390 3579 1491 3633 Ed.
1522 3606 1588 3619 —

570 3657 747 3718 Artes,
782 3654 975 3709 musica
991 3693 1006 3720 ,
1031 3673 1134 3723 qua
1156 3656 1433 3709 excellebat
1451 3657 1588 3709 Am-

571 3731 733 3801 phion
756 3772 772 3800 ,
827 3751 942 3802 quae
979 3731 1103 3786 inde
1147 3731 1458 3796 Amphionio
1501 3752 1590 3786 ars

573 3809 711 3879 apud
751 3810 1032 3864 Sidonium
1079 3807 1250 3878 Apoll.
1294 3809 1355 3861 ab
1402 3810 1589 3864 Hein-

573 3886 652 3939 sio
673 3885 927 3940 laudatur.
957 3888 1021 3941 In
1045 3884 1240 3941 Twisd.
1268 3882 1402 3937 Cod.
1427 3887 1590 3956 glossa

578 3962 831 4029 adscripta
845 3978 956 4018 erat
973 4004 988 4031 ,
1005 3971 1126 4034 qnia
1137 3959 1437 4019 cuhara-dulc
1453 3975 1564 4020 erat
1574 3988 1591 4022 .·

1657 1773 1691 1827 l.
1717 1774 1863 1828 intel.
1891 1773 2079 1827 urbem
2096 1770 2312 1825 Thebas
2329 1809 2345 1837 ,
2368 1769 2671 1840 quamAm‹

1657 1852 1819 1923 phion
1863 1852 1990 1924 lyra
2035 1869 2228 1905 canore
2277 1858 2657 1912 construxerat,

1659 1932 2109 2003 quemadmodum
2136 1930 2276 2001 apud
2302 1931 2531 2000 Propert.
2556 1928 2607 1981 d.
2628 1928 2665 1980 l.

1662 2012 1917 2082 Pergama
1954 2031 2017 2065 ex
2049 2009 2281 2065 Bruckh.
2308 2007 2667 2063 emendatione

1664 2093 1916 2147 dicuntur
1951 2096 2215 2161 Apolle'netr
2245 2099 2395 2144 ades.
2435 2092 2518 2145 lta
2551 2106 2670 2142 vero

1664 2172 1918 2238 musices,
1965 2190 2069 2241 qua
2105 2180 2315 2224 tantum
2350 2169 2446 2222 sibi
2482 2185 2671 2221 nomen

1668 2248 1939 2320 Amphion
1990 2256 2267 2319 paraverat
2286 2287 2301 2314 ‚
2342 2246 2488 2298 nulla
2534 2244 2673 2298 fieret

1666 2327 1885 2381 mentio.
1910 2327 2080 2381 Possis
2103 2327 2239 2378 sorte
2279 2333 2563 2393 utrumque
2595 2321 2674 2374 hic

1664 2404 1956 2475 intelligere
1972 2444 1987 2473 ,
2004 2404 2255 2457 musicam
2273 2412 2329 2454 et
2340 2401 2542 2457 menia.
2558 2396 2672 2450 Vid.

1668 2484 1732 2538 ad
1744 2504 1875 2538 vers.
1894 2485 2199 2555 178.—-Sic...
2218 2485 2295 2535 Ut
2310 2486 2678 2549 κερτομίη.

1669 2565 1802 2618 Haec
1825 2583 1978 2618 causa
2013 2562 2063 2617 ei
2091 2563 2190 2616 suit
2217 2562 2509 2632 superbie,
2536 2558 2673 2613 cala-

1669 2644 1894 2710 mitatis,
1933 2644 2101 2697 insani
2127 2642 2324 2696 doloris
2354 2652 2410 2696 et
2439 2640 2679 2695 mutatio-

1669 2722 1765 2775 nis.
1789 2747 1855 2763 ·—-
1876 2722 1995 2774 Se'be‘
2011 2726 2127 2773 wira
2149 2720 2381 2787 snt‘sul,
2428 2729 2581 2787 atque
2607 2717 2681 2769 se·

1670 2800 1870 2854 licitatis
1893 2799 2028 2853 illius
2048 2818 2205 2853 sensu
2224 2799 2378 2853 elata.
2686 2793 2695 2799 ⁸

1741 2881 1850 2946 157.
1878 2878 2010 2929 Nam
2038 2884 2159 2930 sala
2200 2887 2302 2930 etc.
2342 2875 2505 2930 Niobe
2538 2871 2683 2927 The-

1671 2955 1818 3009 banis
1835 2954 2174 3009 interdixerat
2201 2953 2424 3008 Latona
2443 2970 2582 3007 sacra
2601 2971 2684 3003 ce·

1673 3034 1891 3089 lebrare.
1938 3035 2062 3088 Hoc
2107 3034 2382 3100 tractavit,
2426 3043 2486 3086 ut
2528 3042 2685 3102 poeta·

1675 3114 1871 3166 Vatem
1915 3111 2117 3165 inducit
2148 3131 2293 3164 sacra
2332 3111 2683 3170 indicentem.

1674 3190 1922 3244 mulieres
1942 3190 2091 3257 iussis
2115 3199 2362 3260 parentes
2379 3228 2396 3256 ,
2415 3189 2623 3243 Nioben
2638 3187 2685 3237 in

1676 3268 1942 3339 publicum
1974 3267 2326 3338 prodeuntem
2357 3306 2373 3332 ‚
2404 3286 2461 3321 se
2489 3267 2686 3336 jactan-

1677 3357 1787 3399 tem
1802 3386 1818 3413 ,
1836 3345 1970 3400 Dee
1992 3343 2421 3399 maledicentem.
2440 3374 2509 3386 -
2522 3346 2690 3396 naulo

1679 3427 1753 3491 (a
1782 3421 2128 3492 μαντεύεσθαι)
2177 3441 2313 3492 sepe
2349 3442 2381 3475 a
2421 3421 2690 3477 Veteribus

1677 3512 2143 3555 commemoratur.
2165 3501 2229 3554 ln
2248 3502 2369 3569 ejus
2394 3501 2570 3555 verbis
2594 3516 2690 3552 non

1677 3580 1814 3633 inest
1832 3583 2151 3638 vatekt‘miaem,
2184 3577 2326 3646 quod
2353 3578 2517 3648 vulgo
2534 3578 2602 3631 sic
2624 3574 2689 3628 dr.

1677 3654 1769 3709 sed
1792 3654 2011 3708 indictio
2031 3672 2315 3708 sacrorum.
2340 3654 2557 3724 Nempe
2570 3657 2693 3706 uti·

1676 3733 2085 3787 cinare‘omnino
2109 3742 2186 3786 est
2218 3730 2455 3800 impulsu
2492 3731 2596 3785 Dei
2618 3729 2693 3782 lo-

1680 3810 1787 3880 qui.
1797 3836 1863 3850 —-
1873 3812 2063 3863 Divino
2086 3814 2289 3861 concilo
2305 3816 2446 3861 nolu
2462 3826 2483 3875 ,·
2508 3806 2623 3860 vide
2638 3801 2695 3856 ad

1682 3889 1799 3956 111,
1856 3908 1966 3957 7¹¹·
2009 3884 2212 3940 Confer
2268 3886 2463 3940 Senec.
2518 3885 2691 3954 Agam.

1682 3968 1808 4038 319,
1832 3966 1922 4035 qui
1948 3966 2205 4020 Nostrum
2225 3965 2479 4035 expressit
2506 3984 2521 4017 ε
2548 3965 2699 4029 Qum

577 4042 696 4096 vide
714 4039 778 4093 ad
799 4059 1009 4096 versum
1031 4045 1136 4114 178.
1161 4041 1267 4098 Sed
1285 4042 1511 4097 Bruckb.
1526 4045 1593 4098 ad
1668 4043 1898 4114 fictor-mn
1920 4049 2138 4110 prescia
2157 4044 2342 4096 Manto
2365 4044 2495 4095 Sala
2517 4042 2702 4093 Tiresia

579 4125 822 4192 Propert.
845 4120 959 4188 111,
983 4138 1064 4176 vn
1084 4159 1100 4188 ,
1128 4124 1225 4194 39,
1259 4141 1355 4191 per
1384 4131 1518 4178 artes
1538 4126 1593 4180 h.

1684 4124 2035 4192 Latonigenas
2056 4124 2260 4177 Monuit
2279 4126 2443 4176 ,τοι-νύ
2468 4121 2706 4173 celebrare
