2975 4784
770 361 1447 432 METAMORPH
1470 366 1815 438 OSEON
1862 371 2059 439 LIB.
2109 374 2259 442 111.

445 501 777 602 Cepimus
807 530 824 574 ε
856 519 925 575 et
950 503 1222 577 tradunt
1251 504 1560 579 manibus
1591 525 1746 608 post
1775 525 1959 604 terga
1989 509 2239 607 ligatis,

2449 377 2577 468 273

2476 533 2583 606 575

440 618 649 693 Sacra
682 617 811 691 Dei
844 616 1180 719 quondam
1213 620 1556 720 Tyrrhena
1586 640 1780 718 gente
1814 643 2185 726 sequutum.

554 733 866 835 Adspicit
898 733 1079 808 hunc
1113 734 1325 808 oculis
1359 735 1736 826 Pentheus,
1777 767 1947 840 quos
1975 739 2075 812 ira
2107 743 2476 833 tremendos

443 852 727 924 Fecerat
755 878 770 921 z
799 866 894 938 et,
933 878 1314 950 quanquam
1346 879 1559 951 poenae
1593 853 1702 927 vix
1739 871 2039 956 tempora
2069 855 2326 946 differt,

455 999 503 1032 «
543 968 609 1041 O
639 966 935 1067 periture
959 1021 979 1053 ‚
1014 971 1259 1067 tuaque
1294 964 1439 1040 aliis
1471 966 1868 1043 documenta
1899 968 2133 1044 dature

451 1113 503 1148 >2
543 1081 768 1155 Morte
787 1137 806 1169 ‚
837 1081 932 1155 ait
950 1135 970 1170 ,
994 1080 1113 1156 ede
1142 1099 1329 1157 tuum
1355 1111 1638 1170 nomen,
1670 1112 2051 1186 nomenque
2082 1102 2461 1187 parentum,
2493 1106 2592 1163 58o

469 1228 517 1261 κ
550 1196 642 1267 Et
670 1195 988 1295 patriam;
1023 1194 1362 1295 morisque
1392 1198 1549 1270 novi
1583 1227 1702 1272 cur
1730 1226 1914 1273 sacra
1942 1199 2339 1299 frequentes.
2377 1233 2416 1267 »

451 1309 583 1385 Ille
608 1329 791 1385 metu
825 1339 1069 1384 vacuus
1097 1340 1112 1384 ε
1151 1345 1185 1376 «
1214 1313 1476 1386 Nomen
1513 1311 1707 1402 mihi,
1746 1313 1948 1402 dixit,
1980 1315 2288 1402 Acoetes3

458 1461 507 1495 κ
542 1428 797 1514 Patria,
829 1426 1116 1500 Maeonia
1145 1443 1288 1501 est:
1318 1426 1559 1502 humili
1594 1428 1673 1502 de
1704 1427 1901 1529 plebe
1931 1446 2259 1530 parentes.

453 1623 629 1675 &cta
639 1622 748 1674 Det·
756 1632 851 1674 etc.
869 1621 1033 1674 Hunc
1048 1638 1256 1690 quoque
1273 1638 1485 1674 versum

456 1698 723 1753 Heinsius
738 1710 791 1752 et
804 1699 1143 1751 Burmannus
1156 1697 1395 1767 spurium
1408 1698 1487 1765 jn·

457 1775 662 1829 dicant.
689 1776 868 1829 Recte.
906 1776 1072 1829 Poeta
1103 1776 1249 1827 enirn
1268 1775 1377 1843 ipse
1401 1773 1487 1827 hic

454 1853 735 1923 loquitur3
761 1852 803 1905 is
827 1870 952 1905 vero
966 1851 1236 1905 Bacchum
1254 1869 1366 1903 non
1388 1869 1490 1920 po-

457 1944 607 1988 terat
628 1934 700 1986 ita
723 1934 1017 1986 nominare.
1037 1959 1105 1972 —
1130 1932 1310 1985 Nostri
1334 1929 1489 2001 Regii

461 2010 719 2066 eumdem
743 2028 955 2064 versum
982 2026 1093 2061 non
1118 2007 1462 2061 admiserunt.

460 2088 557 2142 De
590 2090 856 2158 Tyr-rhene?
872 2084 992 2139 vide
1012 2084 1079 2137 ad
1107 2102 1319 2137 versum
1343 2084 1455 2137 583.

541 2167 655 2234 577.
675 2165 921 2231 Adspice?
935 2165 1083 2214 hunc.
1102 2160 1339 2214 Bacchus
1363 2176 1490 2211 mu-

468 2253 584 2297 tata
604 2242 768 2295 forma
804 2238 1084 2293 adducitur
1104 2238 1309 2290 vinctus
1327 2276 1344 2303 ‚
1383 2236 1494 2290 mi·-

468 2319 724 2389 nantiqne
768 2315 1015 2372 Pentheo
1057 2325 1110 2368 et
1147 2315 1310 2367 vitam
1340 2331 1491 2367 suam

470 2408 687 2451 enarrat
727 2405 783 2449 et
820 2392 1063 2447 miranda
1105 2390 1295 2445 Bacchi
1342 2390 1494 2445 facta.

473 2475 683 2530 Confer
694 2474 923 2530 Homeri
940 2473 1125 2546 hymn.
1140 2469 1330 2524 Bacch.
1346 2490 1396 2540 p.
1411 2470 1495 2525 83.

473 2550 979 2626 Ern.Hyginisabul.
998 2551 1108 2617 1343
1127 2548 1367 2618 Apossod.
1386 2549 1493 2615 ΙΙΙ,

471 2649 543 2700 v,
569 2632 616 2685 3.
651 2630 792 2699 Qua
816 2626 1196 2699 Aglaosthenes
1216 2627 1270 2680 in
1292 2625 1497 2680 Naxicis

472 2707 797 2773 tradiderat,
839 2705 1093 2774 excerpsit
1117 2703 1315 2775 Hygin.
1342 2703 1403 2755 P.
1430 2703 1499 2755 A.

476 2788 505 2841 1
525 2826 543 2854 ,
584 2807 661 2856 ¹7·
701 2783 905 2838 Confer
929 2791 983 2836 et
1015 2783 1202 2837 Senec.
1231 2779 1358 2834 OEd.
1400 2782 1500 2853 449

476 2883 593 2933 sqq.
640 2872 695 2916 et
712 2901 729 2929 ‚
776 2861 866 2930 qui
914 2860 1088 2930 paucis
1127 2877 1244 2920 rem
1282 2857 1449 2928 attigit
1481 2895 1498 2924 ,

476 2945 726 3014 Propert.
750 2942 868 3008 111,
894 2958 993 2994 xv.
1018 2945 1099 2994 25.
1123 2925 1332 3004 Omnes
1355 2939 1412 2990 in
1433 2954 1500 2989 eo

477 3021 820 3076 consentiunt
836 3058 851 3084 ‚
874 3011 1347 3091 Tyrrhenos‘nautas
1357 3033 1502 3085 rape·

481 3119 543 3153 re
566 3099 788 3152 voluisse
808 3095 1077 3149 Bacchum
1096 3133 1112 3162 ,
1128 3112 1319 3163 eosque
1337 3110 1502 3145 cunc-

488 3192 573 3235 tos
592 3220 609 3247 ,
651 3187 845 3249 preter
880 3175 1286 3247 gubernatorem
1320 3173 1505 3242 pium,

479 3259 544 3313 in
558 3256 833 3327 delphinos
845 3272 953 3308 esse
968 3262 1215 3317 mutatos,
1231 3267 1397 3319 quum
1406 3268 1508 3302 an-

480 3349 575 3391 tea
598 3344 820 3405 repente
843 3331 998 3384 variae
1030 3329 1175 3382 navis
1206 3337 1379 3398 partes
1406 3325 1509 3380 he-

484 3414 618 3467 dera
630 3422 684 3466 et
699 3410 959 3482 pampinis
969 3418 1143 3462 essent
1157 3404 1506 3460 circumdate.

482 3491 696 3563 Nempe
713 3491 777 3545 ad
801 3487 1223 3545 commendanda
1242 3504 1384 3541 saera
1408 3484 1503 3539 hu-

485 3577 574 3646 jus
597 3572 700 3627 Dei
716 3612 733 3640 ‚
768 3572 833 3625 ab
855 3569 1072 3624 homine
1090 3577 1146 3622 et
1166 3567 1307 3620 inter
1330 3564 1509 3618 homi-

485 3672 589 3707 nes
604 3650 714 3705 nati
732 3690 748 3717 ,
774 3647 1022 3719 fingenda
1040 3655 1193 3699 erant
1215 3643 1379 3697 multa
1401 3641 1509 3695 mi-

485 3729 668 3784 racula
691 3739 745 3781 et
777 3725 1013 3793 exempla
1036 3722 1318 3776 hominum
1345 3719 1412 3774 ab
1445 3736 1511 3771 eo

485 3809 820 3882 punitorum.
860 3807 989 3860 Post
1026 3801 1297 3857 Homeric.
1327 3798 1512 3871 hymn.

488 3887 707 3961 plurimi
726 3897 781 3942 et
804 3887 859 3939 in
882 3903 948 3940 eo
971 3882 1271 3951 conspirant
1286 3917 1302 3945 ,
1329 3880 1514 3931 Naxon

487 3987 622 4024 eum
658 3966 906 4035 navigare
946 3961 1167 4015 voluisse
1192 3998 1207 4025 ,
1248 3958 1354 4010 sive
1393 3954 1515 4023 quia

489 4047 722 4103 Naxica·
753 4044 975 4113 scriptor
995 4040 1200 4116 primus
1230 4036 1331 4089 sab.
1365 4034 1516 4087 inve-

493 4134 653 4180 nerat
680 4129 1086 4178 exornaveratve
1105 4156 1121 4186 ,
1155 4116 1261 4171 sive
1286 4112 1407 4182 quia
1428 4109 1517 4163 illa

693 4221 851 4290 III.

1581 1619 1749 1673 insula
1762 1619 1942 1692 Orgiis
1955 1621 2187 1677 celebris.
2202 1620 2501 1676 Commode
2511 1640 2604 1675 au-

1583 1708 1694 1752 tem
1715 1699 1911 1753 Noster
1932 1699 2042 1754 haec
2066 1700 2341 1755 admiscuit
2355 1741 2371 1765 ,
2395 1701 2603 1771 ,partim

1583 1777 1707 1845 quia
1744 1777 2191 1847 metamorphosin
2231 1777 2429 1831 habent
2443 1818 2458 1840 ,
2498 1797 2604 1847 qua

1581 1853 1782 1922 reliqua
1795 1853 1952 1922 hujus
1962 1855 2146 1909 sabula
2159 1874 2276 1925 pars
2291 1865 2434 1910 caret
2446 1895 2461 1922 ,
2480 1876 2608 1926 par-

1581 1931 1681 1985 tim
1704 1932 1826 1999 quia
1847 1932 2089 1986 Penthea
2114 1932 2303 1987 docere
2325 1944 2571 2003 poterant
2586 1973 2602 1999 ,

1586 2026 1749 2077 quam
1780 2017 1966 2078 potens
1995 2010 2081 2062 ille
2106 2009 2254 2064 Deus
2281 2021 2431 2064 esset.
2465 2011 2608 2064 Nar-

1585 2085 1723 2138 ratio
1745 2084 1857 2140 hoec
1877 2086 2121 2155 preclara
2145 2096 2224 2140 est
2246 2097 2299 2139 et
2322 2098 2527 2152 morata
2547 2088 2607 2141 in

1586 2161 1769 2230 primis
1790 2200 1806 2227 ‚
1844 2162 2054 2230 longior
2086 2172 2266 2215 tamen
2294 2201 2310 2230 ,
2349 2182 2510 2231 qnam
2547 2175 2610 2217 ut

1588 2240 1772 2292 furens
1810 2237 2082 2294 Pentheus
2113 2241 2262 2293 omni
2296 2259 2447 2295 aures
2469 2261 2609 2312 prae-

1586 2314 1758 2368 buisse
1787 2314 1931 2369 eredi
1961 2316 2139 2385 possit.
2169 2317 2291 2371 Hoc
2312 2318 2474 2372 sensit
2495 2319 2607 2390 ipse

1588 2403 1744 2463 poeta
1763 2413 1777 2457 ς
1801 2392 1978 2461 itaque
1992 2412 2146 2447 versu
2166 2394 2265 2467 692
2288 2396 2435 2464 quasi
2449 2415 2608 2450 excu-

1589 2472 1847 2525 sationem
1879 2471 1975 2525 sibi
1998 2484 2147 2542 parat
2172 2513 2188 2540 ‚
2222 2474 2315 2528 sed
2346 2493 2456 2528 non
2486 2478 2609 2530 satis

1590 2549 1960 2619 probabiliter3
2000 2551 2091 2621 qui
2119 2551 2265 2605 enim
2288 2562 2490 2607 attente
2514 2555 2607 2608 diu

1593 2627 1816 2681 alterum
1841 2626 2019 2695 audit,
2048 2647 2116 2682 eo
2145 2629 2258 2699 ipso
2281 2631 2497 2684 consilio
2512 2671 2528 2698 ,
2553 2639 2614 2686 ut

1590 2710 1674 2758 ira
1692 2708 1826 2758 w'ms
1857 2724 1998 2758 nom
2018 2710 2276 2778 absumere
2297 2716 2499 2776 posset,
2525 2710 2567 2763 is
2591 2750 2607 2776 ‚

1593 2801 1655 2836 re
1676 2783 1883 2853 cognita
1900 2822 1916 2848 ‚
1955 2802 2066 2837 non
2091 2784 2271 2838 dirum
2300 2787 2614 2855 supplicium

1596 2860 1847 2915 decernit.
1871 2860 2134 2915 Cetei-mn
2159 2863 2372 2917 Lucian.
2394 2865 2452 2917 in
2476 2863 2613 2918 Dial.

1595 2938 1792 2993 Marin.
1835 2937 1995 2993 tradit
2016 2979 2033 3007 ‚
2088 2940 2265 3010 prelio
2303 2941 2467 2995 victos
2503 2962 2611 2998 esse

1597 3018 1907 3092 Tyrrhenos
1921 3038 1952 3072 a
1971 3019 2196 3073 Baccho.
2207 3045 2275 3060 -·
2297 3021 2611 3086 Tremendos,

1595 3095 1718 3165 igne
1752 3095 2040 3160 micantes3
2076 3097 2209 3167 ignis
2241 3097 2386 3150 enim
2417 3106 2618 3153 {temne

1598 3171 1804 3226 dicitur.
1822 3199 1890 3215 ·-
1912 3171 2046 3226 cod.
2074 3174 2205 3243 Reg.
2230 3174 2275 3227 B
2292 3213 2307 3241 ,
2334 3180 2617 3244 υιὶτρσπος

1599 3251 1744 3319 parvi
1776 3251 1957 3303 refert.
1978 3277 2046 3290 -
2071 3253 2267 3314 Edere,
2310 3262 2369 3306 ut
2398 3254 2462 3316 1,
2509 3254 2622 3319 761.

1598 3356 1667 3371 -
1698 3331 1859 3382 Tuum
1894 3347 2072 3382 nomen
2095 3340 2191 3384 ete.
2226 3332 2356 3386 Hac
2384 3333 2484 3386 tria
2506 3335 2616 3388 sere

1600 3407 1726 3461 olim
1756 3408 1918 3476 quari
1940 3407 2177 3462 solebant
2197 3429 2259 3463 ex
2281 3410 2508 3466 advenis.

1668 3487 2030 3550 Μιλητία,
2054 3476 2265 3550 Α’κοίτυς.
2294 3489 2477 3544 Codex
2500 3493 2620 3546 Re·-

1603 3565 1718 3634 gius
1743 3563 1793 3616 A
1806 3603 1823 3630 ,
1850 3566 2081 3619 Acestes.
2096 3594 2165 3607 —
2181 3569 2301 3622 Hoc
2317 3587 2516 3623 nomen
2535 3571 2622 3626 alii

1601 3641 2023 3711 interpretantur
2055 3643 2264 3712 vigiiem
2283 3685 2300 3710 ,
2357 3645 2477 3715 quia
2511 3666 2625 3716 gu-

1603 3719 1943 3773 bernatorem
1984 3721 2130 3774 navis
2160 3722 2371 3792 vigilem
2413 3743 2621 3794 semper

1605 3817 1716 3851 esse
1734 3809 2000 3867 oporteat;
2022 3798 2106 3851 alii
2122 3810 2306 3853 contra
2323 3840 2339 3868 ,
2367 3812 2473 3855 tam
2496 3821 2619 3873 pau·

1607 3894 1820 3945 perem,
1849 3886 1907 3930 ut
1931 3876 2088 3929 cubili
2119 3888 2291 3931 careat
2315 3898 2328 3931 z
2352 3880 2495 3949 prius
2513 3897 2620 3931 ve·-

1606 3973 1729 4007 rum
1745 3995 1759 4017 ‚
1797 3954 2022 4008 alterum
2042 3954 2300 4026 ineptum.
2331 3957 2482 4011 Idem
2507 3973 2627 4008 no·-

1605 4050 1732 4085 men
1761 4032 2097 4102 gubernatori
2128 4036 2289 4087 etiam
2312 4034 2450 4102 apud
2486 4035 2617 4102 Hy-

1609 4110 1793 4179 ginum
1819 4131 1834 4176 ς
1871 4110 1963 4164 sed
2000 4111 2060 4163 in
2096 4111 2341 4166 Homero
2389 4112 2620 4166 Alledia‘es

2268 4211 2343 4274 18
