2975 4784
715 387 1741 456 METAMORPHOSEON
1790 390 1980 459 LIB.
2037 394 2217 461 Vll.

2393 395 2520 461 525

425 524 699 597 Admoti
731 524 991 624 quoties
1028 523 1291 626 templis
1312 582 1331 613 ,
1368 525 1524 599 dum
1558 544 1712 600 vota
1745 529 2048 603 sacerdos

426 639 777 739 Concipit,
816 657 881 713 et
914 640 1134 714 fundit
1159 669 1404 742 purum
1440 642 1615 715 iuter
1648 671 1891 716 cornua
1920 644 2180 736 vinum,

425 753 628 826 Haud
663 761 1037 854 exspectato
1072 755 1447 829 ceciderunt
1477 754 1744 829 vulnere
1783 756 1989 828 tauri!

2436 782 2532 855 595

428 871 582 969 Ipse
616 896 738 963 ego
775 897 954 943 sacra
985 870 1141 942 Jovi
1173 899 1297 971 pro
1330 899 1468 957 me,
1505 871 1847 972 patriaque
1867 928 1886 959 ,
1924 872 2267 974 tribusque

434 983 662 1079 Quum
697 984 971 1059 facerem
1007 986 1213 1072 natiS,
1243 986 1539 1081 mugitus
1571 986 1832 1059 victima
1863 986 2045 1062 diros

432 1100 695 1189 Edidit;
731 1119 797 1175 et
823 1102 1048 1174 subito
1084 1099 1371 1202 collapsa
1402 1102 1544 1175 sine
1570 1100 1815 1175 ictibus
1850 1101 2005 1177 ullis

428 1218 691 1313 Exiguo
731 1217 926 1290 tinxit
960 1216 1294 1315 subjectos
1333 1217 1652 1313 sanguine
1687 1216 1958 1301 cultros.

430 1332 632 1407 Fibra
659 1360 924 1433 quoque
960 1360 1127 1428 aegra
1154 1350 1346 1406 notas
1378 1333 1512 1406 veri
1540 1333 1965 1434 monitusque
1997 1335 2292 1410 Deorum

2444 1360 2543 1411 600

432 1449 854 1524 Perdiderat:
885 1450 1105 1523 tristes
1136 1466 1484 1550 penetrant
1508 1448 1589 1522 ad
1625 1448 1870 1522 viscera
1897 1451 2134 1524 morbi.

433 1574 607 1645 Ante
638 1599 858 1645 sacros
893 1569 1026 1643 vidi
1059 1571 1350 1671 projecta
1385 1570 1692 1645 cadavera
1724 1588 1953 1671 postes
1982 1602 1998 1645 ε

434 1695 612 1767 Ante
641 1693 853 1793 ipsaS‚
893 1722 1025 1793 quo
1056 1721 1237 1765 mors
1267 1692 1439 1766 foret
1465 1692 1888 1781 invidiosior,
1926 1722 2068 1768 aras

439 1816 600 1888 Pars
636 1815 915 1889 animam
951 1812 1191 1915 laqueo
1229 1811 1580 1902 claudunt,
1615 1814 1981 1915 mortisque
2016 1816 2314 1891 timorem

439 2028 660 2072 exorata:
695 2038 723 2071 a
755 2017 871 2072 Diis
904 2036 1096 2087 preces.
1123 2044 1192 2057 —
1220 2018 1434 2079 Amba,

440 2097 568 2162 vita,
593 2095 733 2165 quod
755 2115 892 2149 unus
915 2095 1032 2149 MS.
1049 2115 1078 2148 e
1097 2095 1258 2165 glossa
1273 2095 1445 2149 habet.

507 2174 616 2245 593.
651 2174 869 2226 Admoti
884 2178 1073 2241 quotics
1094 2177 1293 2240 templis·
1307 2213 1322 2235 ,
1349 2183 1446 2227 etc.

442 2251 689 2321 Virgilius
705 2291 721 2317 ,
743 2252 936 2322 Georg.
953 2253 1057 2319 111,
1083 2252 1206 2319 486:
1233 2254 1369 2320 Saepe
1391 2258 1447 2305 iu

439 2333 622 2384 honore
640 2333 804 2385 Deum
829 2335 990 2385 medio
1010 2340 1155 2385 stans
1183 2335 1352 2385 hostia
1377 2335 1456 2384 ad

438 2428 581 2462 aram
596 2449 609 2469 ,
630 2411 805 2462 lanea
818 2413 933 2462 dune
958 2416 1103 2463 niem
1116 2414 1455 2464 circundatur

437 2488 604 2556 insula
617 2495 768 2551 villa,
804 2493 941 2544 Inter
957 2496 1248 2543 cunctantes
1267 2493 1455 2544 cecidi!

441 2569 732 2619 moribunda
769 2572 1036 2621 ministros.
1074 2569 1186 2621 Au!
1214 2572 1272 2620 si
1300 2588 1448 2638 quarn

426 2644 572 2713 ferro
590 2653 895 2699 mactaverat
909 2654 1027 2700 aule
1045 2650 1294 2709 sacerdos,
1325 2650 1451 2701 Inde

441 2741 598 2789 neque
618 2728 864 2790 imposilis
881 2728 1061 2777 arden!
1079 2729 1271 2778 altaria
1264 2729 1454 2796 fibte’53

443 2802 551 2853 Nec
564 2808 976 2868 responsapotest
983 2806 1240 2855 consultos
1254 2806 1455 2856 reddere

442 2887 611 2932 vales:
623 2882 709 2933 Ac
720 2886 810 2932 αἰ·
818 2887 1066 2948 suppositi
1073 2887 1330 2950 le’ngualur
1337 2901 1453 2935 san·

437 2958 592 3021 guinc-
609 2959 779 3017 culln',
806 2956 1097 3025 Summaque
1103 2959 1293 3024 jejuna
1312 2963 1457 3012 sam?

441 3031 730 3099 rosuscatur
747 3051 916 3084 arena.
941 3060 1010 3073 —
1045 3037 1176 3087 Vola
1204 3041 1448 3102 concepu,

444 3110 726 3161 formulam
740 3128 955 3177 precum
966 3111 1167 3178 recitat,
1191 3112 1455 3180 conceptis

447 3187 616 3241 verbis
634 3196 874 3256 precatur
898 3204 911 3238 ε
935 3186 1173 3253 Tacitus,
1194 3189 1328 3242 Hist.
1350 3189 1450 3256 lv,

449 3266 505 3318 31
518 3264 883 3332 ,jurelcjurande‘
889 3267 1040 3315 verba
1048 3268 1315 3331 concipere,
1334 3283 1456 3334 pro-

448 3344 700 3397 nunciare
722 3341 1003 3394 sormulam
1020 3339 1374 3409 jurisjurandi.
1387 3367 1456 3382 --

447 3427 634 3476 Parum
669 3441 949 3475 commune
982 3438 1162 3474 rerum
1192 3439 1455 3473 sacrarum

448 3501 731 3572 epitheton.
760 3500 846 3554 Sic
873 3499 956 3565 11,
987 3498 1080 3569 7¹3
1098 3538 1112 3564 ,
1133 3517 1264 3564 pura
1289 3516 1445 3559 vasa,

445 3579 535 3632 ubi
557 3578 661 3630 vid.
686 3589 870 3631 not.—
894 3579 1103 3636 Vulnus,
1130 3575 1259 3628 ictus
1274 3574 1454 3641 cultri,

443 3675 769 3725 consequens
779 3674 875 3725 pro
887 3674 952 3707 an
959 3651 1456 3707 tecedente.—Mala

445 3737 623 3790 omnia
640 3775 655 3802 ,
681 3736 722 3788 si
747 3735 953 3788 victima
972 3743 1187 3803 repente
1207 3737 1452 3795 cadebat,

442 3819 657 3882 mugitus
676 3812 862 3867 edebat
882 3851 897 3879 ,
922 3817 1244 3880 ext'guumque
1263 3810 1458 3864 sunde-

443 3892 533 3946 bat
554 3898 858 3960 sanguinem.
884 3892 1081 3961 Largus
1098 3900 1280 3944 contra
1301 3910 1459 3944 cruor

446 3972 672 4023 faustum
687 3969 912 4039 signum.
931 3968 1130 4021 Plinius
1145 4008 1159 4027 .
1187 3967 1394 4034 Pan.V,
1409 3967 1456 4021 3.

447 4048 812 4114 —Subjcclos‚
848 4047 903 4098 in
932 4047 1086 4099 sacris
1106 4045 1258 4101 cultri
1281 4046 1458 4100 subter

449 4124 690 4197 jugulum
711 4124 848 4195 adigi
869 4124 1117 4185 solebant.

1604 2018 1721 2071 Goo-
1760 2020 1955 2082 Fe‘brae,·
1991 2018 2136 2073 fibra
2158 2019 2367 2089 proprie
2394 2031 2546 2075 exto-⁶-

1543 2116 1663 2150 rum
1698 2098 2077 2165 extremitates,
2115 2098 2306 2153 deinde
2331 2102 2551 2155 omnino

1543 2187 1658 2229 exta
1671 2215 1687 2242 ,
1703 2176 1804 2230 boc
1823 2188 1923 2237 est,
1951 2178 2115 2246 jecur,
2135 2196 2244 2243 cor,
2262 2179 2553 2247 pulmones.

1542 2257 1788 2322 -zEgrm
1820 2254 2089 2308 vitiata.-
2108 2257 2272 2309 Notas
2292 2257 2553 2329 verisigna

1545 2332 1732 2401 quibus
1767 2352 1954 2386 verum
1993 2334 2338 2404 cognoscitur.
2364 2337 2462 2389 Ed.
2488 2364 2556 2378 —-

1544 2411 1839 2463 Perdiderat
1858 2450 1872 2473 ,
1920 2410 2063 2481 quod
2107 2421 2228 2464 ante
2271 2411 2554 2467 Heinsium

1543 2485 1851 2556 vulgabatur
1872 2526 1889 2555 ,
1927 2498 1981 2541 et
2021 2488 2075 2540 in
2113 2488 2350 2558 plurimis
2389 2490 2553 2545 MSS.

1549 2566 1636 2630 (et
1656 2565 1711 2618 in
1730 2566 1905 2637 Regiis
1917 2566 2107 2621 nostris
2119 2565 2355 2637 quoque)
2371 2580 2551 2638 exstat,

1545 2642 1781 2694 revocavi
1806 2643 1917 2695 loco
1929 2646 2235 2710 prodiderat.
2257 2644 2417 2697 Dolet
2434 2645 2555 2699 AEa·

1547 2737 1637 2773 cm
1655 2759 1671 2786 ,
1700 2719 1841 2789 quod
1864 2739 1931 2774 ne
1958 2741 2020 2775 ex
2048 2721 2169 2790 ipsis
2188 2721 2404 2790 quidem
2431 2724 2558 2778 extis

1547 2795 1757 2850 consilia
1772 2796 2012 2851 Deorum
2027 2799 2082 2851 in
2102 2819 2158 2852 re
2177 2810 2285 2853 tam
2301 2799 2430 2851 tristi
2451 2804 2559 2869 peti

1549 2874 1847 2943 potuerint:
1872 2875 2108 2929 morbida
2133 2876 2277 2929 enim
2301 2877 2377 2928 vis
2384 2880 2558 2944 perdi-
2660 2933 2665 2937 ,

1548 2953 1717 3015 derat,
1752 2964 2058 3022 corruperat
2096 2953 2205 3022 ipsa
2236 2954 2458 3021 viscera,
2498 2965 2558 3008 ut

1548 3050 1714 3084 verum
1750 3030 1873 3084 inde
1906 3034 2143 3101 cognosci
2180 3030 2326 3085 ‘haud
2371 3045 2558 3101 posset.

1550 3108 1773 3162 Lensius
1782 3112 2078 3178 prodiderat
2090 3110 2219 3179 expl·
2242 3109 2557 3164 deseruerat.

1549 3187 1763 3238 ——Ante
1783 3192 1925 3253 ipsas
1940 3227 1953 3249 ,
1977 3197 2075 3240 etc.
2094 3187 2213 3240 Hoc
2228 3187 2335 3254 jam
2358 3187 2557 3241 dictum

1548 3282 1702 3316 versu
1727 3266 1840 3335 59¹·
1878 3264 2072 3333 Regius
2104 3264 2260 3335 igitur
2293 3276 2409 3335 post
2439 3286 2560 3320 aras

1552 3337 1690 3390 delet
1718 3349 2005 3407 punctum,
2043 3350 2101 3393 ut
2130 3339 2237 3393 hac
2261 3344 2559 3396 cohereant

1550 3435 1673 3471 cum
1682 3435 1876 3486 sequen
1884 3418 2031 3473 tibus.
2048 3420 2170 3475 Non
2188 3422 2322 3474 male
2339 3441 2353 3475 ε
2373 3423 2419 3475 ei
2434 3442 2560 3493 ergo

1551 3497 1867 3566 obsequutus
1878 3503 2348 3561 sum.—-Inve'de‘osa,
2363 3501 2558 3569 odiosa,

1552 3576 1922 3631 abominabilis.
1935 3578 2206 3634 Lucretius
2224 3620 2239 3648 ,
2258 3582 2339 3635 Vl
2357 3621 2372 3648 ,
2405 3602 2422 3633 ι
2435 3601 2558 3651 270:

1557 3655 1740 3708 Omnia
1753 3659 1961 3725 denique
1978 3665 2161 3711 sancta
2172 3660 2335 3711 Deum
2357 3663 2562 3712 delubra

1550 3735 1764 3798 replerat
1796 3735 2089 3800 Corporibus
2115 3754 2246 3787 mors
2273 3743 2526 3790 exam'em's
2538 3756 2561 3802 ,·

1552 3818 1605 3863 et
1625 3829 1644 3861 1
1654 3813 1748 3878 ²74
1769 3829 1782 3864 ε
1804 3813 1911 3863 Nec
1918 3812 2037 3878 jan
2047 3816 2223 3881 religio
2237 3815 2435 3873 Divum,
2448 3810 2455 3819 ”
2466 3834 2559 3868 nec

1552 3892 1756 3941 numina
1798 3894 1975 3955 magni
1998 3893 2347 3944 pendebantur
2377 3912 2395 3944 .·
2428 3898 2558 3945 enim

1544 3987 1764 4036 presens
1784 3972 1930 4021 dolor
1954 3976 2297 4037 exsuperabat.
2318 3998 2384 4011 -
2406 3974 2556 4024 Ani-

1552 4065 1686 4099 nam
1721 4049 1962 4099 claudunt
1979 4087 1994 4109 ,
2038 4047 2263 4102 breviter
2281 4088 2296 4115 ,
2335 4048 2516 4101 clausis
2541 4088 2558 4114 ,

1554 4124 1842 4181 constrictis
1866 4164 1884 4195 ,
1913 4124 2100 4196 laqueo
2135 4127 2366 4182 faucibus
2389 4127 2561 4195 impe-
