<?xml version="1.0" encoding="UTF-8"?>
<!DOCTYPE html PUBLIC "-//W3C//DTD XHTML 1.0 Transitional//EN"
    "http://www.w3.org/TR/xhtml1/DTD/xhtml1-transitional.dtd">
<html xmlns="http://www.w3.org/1999/xhtml" xml:lang="en" lang="en">
 <head>
  <title>
</title>
<meta http-equiv="Content-Type" content="text/html;charset=utf-8" />
  <meta name='ocr-system' content='tesseract 3.04.00' />
  <meta name='ocr-capabilities' content='ocr_page ocr_carea ocr_par ocr_line ocrx_word'/>
</head>
<body>
  <div class='ocr_page' id='page_1' title='image "./publiiovidiinas04unkngoog_0187.png"; bbox 0 0 2975 4784; ppageno 0'>
   <div class='ocr_carea' id='block_1_1' title="bbox 698 371 2138 444">
    <p class='ocr_par' dir='ltr' id='par_1_1' title="bbox 698 371 2138 444">
     <span class='ocr_line' id='line_1_1' title="bbox 698 371 2138 444; baseline 0.004 -6"><span class='ocrx_word' id='word_1_1' title='bbox 698 371 849 439; x_wconf 90' lang='lat' dir='ltr'><strong>ME</strong></span> <span class='ocrx_word' id='word_1_2' title='bbox 868 371 1734 443; x_wconf 84' lang='lat' dir='ltr'><strong>TAMORPHOSEO&#39;N</strong></span> <span class='ocrx_word' id='word_1_3' title='bbox 1786 378 1972 444; x_wconf 89' lang='lat' dir='ltr'><strong>LIB.</strong></span> <span class='ocrx_word' id='word_1_4' title='bbox 2031 379 2138 444; x_wconf 92' lang='lat'><strong>11.</strong></span> 
     </span>
    </p>
   </div>
   <div class='ocr_carea' id='block_1_2' title="bbox 371 512 2119 611">
    <p class='ocr_par' dir='ltr' id='par_1_2' title="bbox 371 512 2119 611">
     <span class='ocr_line' id='line_1_2' title="bbox 371 512 2119 611; baseline 0.005 -29"><span class='ocrx_word' id='word_1_5' title='bbox 371 545 403 574; x_wconf 71' lang='grc' dir='ltr'><strong>ι»</strong></span> <span class='ocrx_word' id='word_1_6' title='bbox 441 512 625 585; x_wconf 88' lang='lat' dir='ltr'><strong>Inter</strong></span> <span class='ocrx_word' id='word_1_7' title='bbox 659 527 1016 611; x_wconf 82' lang='lat' dir='ltr'><strong>utrumque</strong></span> <span class='ocrx_word' id='word_1_8' title='bbox 1052 528 1198 585; x_wconf 90' lang='lat' dir='ltr'><strong>tene</strong></span> <span class='ocrx_word' id='word_1_9' title='bbox 1232 542 1248 585; x_wconf 74' lang='grc' dir='ltr'><strong><em>ε</em></strong></span> <span class='ocrx_word' id='word_1_10' title='bbox 1282 512 1567 588; x_wconf 80' lang='lat' dir='ltr'><strong>fortunae</strong></span> <span class='ocrx_word' id='word_1_11' title='bbox 1597 530 1808 588; x_wconf 85' lang='lat' dir='ltr'><strong>cetera</strong></span> <span class='ocrx_word' id='word_1_12' title='bbox 1840 515 2119 605; x_wconf 77' lang='lat' dir='ltr'><strong>mand03</strong></span> 
     </span>
    </p>
   </div>
   <div class='ocr_carea' id='block_1_3' title="bbox 2353 384 2482 608">
    <p class='ocr_par' dir='ltr' id='par_1_3' title="bbox 2353 384 2482 608">
     <span class='ocr_line' id='line_1_3' title="bbox 2353 384 2468 448; baseline 0.017 -2"><span class='ocrx_word' id='word_1_13' title='bbox 2353 384 2468 448; x_wconf 76' lang='lat'><strong>151</strong></span> 
     </span>
     <span class='ocr_line' id='line_1_4' title="bbox 2387 541 2482 608; baseline 0 -16"><span class='ocrx_word' id='word_1_14' title='bbox 2387 541 2482 608; x_wconf 73' lang='lat'><strong>140</strong></span> 
     </span>
    </p>
   </div>
   <div class='ocr_carea' id='block_1_4' title="bbox 369 624 2378 1069">
    <p class='ocr_par' dir='ltr' id='par_1_4' title="bbox 370 624 2378 843">
     <span class='ocr_line' id='line_1_5' title="bbox 370 624 2378 734; baseline 0.004 -37"><span class='ocrx_word' id='word_1_15' title='bbox 370 660 403 690; x_wconf 71' lang='grc' dir='ltr'><strong>ι)</strong></span> <span class='ocrx_word' id='word_1_16' title='bbox 443 625 609 721; x_wconf 86' lang='lat' dir='ltr'><strong>Quae</strong></span> <span class='ocrx_word' id='word_1_17' title='bbox 640 624 858 724; x_wconf 79' lang='lat' dir='ltr'><strong>juvet,</strong></span> <span class='ocrx_word' id='word_1_18' title='bbox 894 643 961 699; x_wconf 84' lang='lat' dir='ltr'><strong>et</strong></span> <span class='ocrx_word' id='word_1_19' title='bbox 992 626 1264 715; x_wconf 73' lang='lat' dir='ltr'><strong>meliuS,</strong></span> <span class='ocrx_word' id='word_1_20' title='bbox 1298 655 1496 727; x_wconf 87' lang='lat' dir='ltr'><strong>quam</strong></span> <span class='ocrx_word' id='word_1_21' title='bbox 1526 644 1602 700; x_wconf 89' lang='lat' dir='ltr'><strong>tu</strong></span> <span class='ocrx_word' id='word_1_22' title='bbox 1637 627 1799 715; x_wconf 84' lang='lat' dir='ltr'><strong>tibi,</strong></span> <span class='ocrx_word' id='word_1_23' title='bbox 1834 629 2166 720; x_wconf 83' lang='lat' dir='ltr'><strong>consulat,</strong></span> <span class='ocrx_word' id='word_1_24' title='bbox 2194 650 2378 734; x_wconf 85' lang='lat' dir='ltr'><strong>opto.</strong></span> 
     </span>
     <span class='ocr_line' id='line_1_6' title="bbox 371 738 2163 843; baseline 0.005 -33"><span class='ocrx_word' id='word_1_25' title='bbox 371 772 403 803; x_wconf 61' lang='grc' dir='ltr'><strong>»ι</strong></span> <span class='ocrx_word' id='word_1_26' title='bbox 445 740 622 812; x_wconf 87' lang='lat' dir='ltr'><strong>Dum</strong></span> <span class='ocrx_word' id='word_1_27' title='bbox 659 738 939 839; x_wconf 80' lang='lat' dir='ltr'><strong>loquor3</strong></span> <span class='ocrx_word' id='word_1_28' title='bbox 975 741 1300 842; x_wconf 83' lang='lat' dir='ltr'><strong>Hesperio</strong></span> <span class='ocrx_word' id='word_1_29' title='bbox 1334 742 1590 843; x_wconf 82' lang='lat' dir='ltr'><strong>positas</strong></span> <span class='ocrx_word' id='word_1_30' title='bbox 1621 741 1695 814; x_wconf 92' lang='lat' dir='ltr'><strong>in</strong></span> <span class='ocrx_word' id='word_1_31' title='bbox 1726 740 1922 816; x_wconf 86' lang='lat' dir='ltr'><strong>litore</strong></span> <span class='ocrx_word' id='word_1_32' title='bbox 1958 762 2163 819; x_wconf 83' lang='lat' dir='ltr'><strong>metas</strong></span> 
     </span>
    </p>

    <p class='ocr_par' dir='ltr' id='par_1_5' title="bbox 371 851 2248 950">
     <span class='ocr_line' id='line_1_7' title="bbox 371 851 2248 950; baseline 0.006 -27"><span class='ocrx_word' id='word_1_33' title='bbox 371 885 404 916; x_wconf 87' lang='lat'>»</span> <span class='ocrx_word' id='word_1_34' title='bbox 448 851 743 926; x_wconf 84' lang='lat' dir='ltr'><strong>Humida</strong></span> <span class='ocrx_word' id='word_1_35' title='bbox 770 881 909 926; x_wconf 84' lang='lat' dir='ltr'><strong>nox</strong></span> <span class='ocrx_word' id='word_1_36' title='bbox 944 854 1202 950; x_wconf 80' lang='lat' dir='ltr'><strong>tetigit:</strong></span> <span class='ocrx_word' id='word_1_37' title='bbox 1236 883 1375 929; x_wconf 91' lang='lat' dir='ltr'><strong>non</strong></span> <span class='ocrx_word' id='word_1_38' title='bbox 1407 874 1510 930; x_wconf 87' lang='lat' dir='ltr'><strong>est</strong></span> <span class='ocrx_word' id='word_1_39' title='bbox 1540 885 1726 931; x_wconf 87' lang='lat' dir='ltr'><strong>mora</strong></span> <span class='ocrx_word' id='word_1_40' title='bbox 1759 855 1971 932; x_wconf 86' lang='lat' dir='ltr'><strong>libera</strong></span> <span class='ocrx_word' id='word_1_41' title='bbox 2000 859 2201 935; x_wconf 82' lang='lat' dir='ltr'><strong>nobis</strong></span> <span class='ocrx_word' id='word_1_42' title='bbox 2230 890 2248 934; x_wconf 76' lang='lat' dir='ltr'><em>z</em></span> 
     </span>
    </p>

    <p class='ocr_par' dir='ltr' id='par_1_6' title="bbox 369 968 2066 1069">
     <span class='ocr_line' id='line_1_8' title="bbox 369 968 2066 1069; baseline 0.004 -28"><span class='ocrx_word' id='word_1_43' title='bbox 369 1000 403 1031; x_wconf 62' lang='grc' dir='ltr'><strong>»ν</strong></span> <span class='ocrx_word' id='word_1_44' title='bbox 444 968 790 1042; x_wconf 85' lang='lat' dir='ltr'><strong>Poseimur</strong></span> <span class='ocrx_word' id='word_1_45' title='bbox 821 1000 838 1043; x_wconf 75' lang='grc' dir='ltr'><strong><em>ε</em></strong></span> <span class='ocrx_word' id='word_1_46' title='bbox 875 968 1148 1065; x_wconf 82' lang='lat' dir='ltr'><strong>effulget</strong></span> <span class='ocrx_word' id='word_1_47' title='bbox 1183 971 1475 1047; x_wconf 88' lang='lat' dir='ltr'><strong>tenebris</strong></span> <span class='ocrx_word' id='word_1_48' title='bbox 1508 976 1773 1048; x_wconf 86' lang='lat' dir='ltr'><strong>Aurora</strong></span> <span class='ocrx_word' id='word_1_49' title='bbox 1800 973 2066 1069; x_wconf 75' lang='lat' dir='ltr'><strong>sugatis·</strong></span> 
     </span>
    </p>
   </div>
   <div class='ocr_carea' id='block_1_5' title="bbox 375 1084 2055 1191">
    <p class='ocr_par' dir='ltr' id='par_1_7' title="bbox 375 1084 2055 1191">
     <span class='ocr_line' id='line_1_9' title="bbox 375 1084 2055 1191; baseline 0.005 -34"><span class='ocrx_word' id='word_1_50' title='bbox 375 1117 405 1146; x_wconf 68' lang='grc' dir='ltr'><strong>ι»</strong></span> <span class='ocrx_word' id='word_1_51' title='bbox 446 1085 727 1186; x_wconf 86' lang='lat' dir='ltr'><strong>Corripe</strong></span> <span class='ocrx_word' id='word_1_52' title='bbox 754 1084 899 1161; x_wconf 86' lang='lat' dir='ltr'><strong>lora</strong></span> <span class='ocrx_word' id='word_1_53' title='bbox 929 1115 1130 1162; x_wconf 89' lang='lat' dir='ltr'><strong>manu</strong></span> <span class='ocrx_word' id='word_1_54' title='bbox 1157 1118 1176 1163; x_wconf 75' lang='grc' dir='ltr'><strong><em>ε</em></strong></span> <span class='ocrx_word' id='word_1_55' title='bbox 1211 1087 1346 1177; x_wconf 61' lang='lat' dir='ltr'><strong>vel,</strong></span> <span class='ocrx_word' id='word_1_56' title='bbox 1378 1089 1436 1162; x_wconf 81' lang='lat' dir='ltr'><strong>si</strong></span> <span class='ocrx_word' id='word_1_57' title='bbox 1471 1088 1790 1164; x_wconf 84' lang='lat' dir='ltr'><strong>mutabile</strong></span> <span class='ocrx_word' id='word_1_58' title='bbox 1821 1107 2055 1191; x_wconf 85' lang='lat' dir='ltr'><strong>pectus</strong></span> 
     </span>
    </p>
   </div>
   <div class='ocr_carea' id='block_1_6' title="bbox 2387 1118 2478 1186">
    <p class='ocr_par' dir='ltr' id='par_1_8' title="bbox 2387 1118 2478 1186">
     <span class='ocr_line' id='line_1_10' title="bbox 2387 1118 2478 1186; baseline 0 -18"><span class='ocrx_word' id='word_1_59' title='bbox 2387 1118 2478 1186; x_wconf 70' lang='lat'><strong>145</strong></span> 
     </span>
    </p>
   </div>
   <div class='ocr_carea' id='block_1_7' title="bbox 370 1201 2353 1652">
    <p class='ocr_par' dir='ltr' id='par_1_9' title="bbox 376 1201 2210 1297">
     <span class='ocr_line' id='line_1_11' title="bbox 376 1201 2210 1297; baseline 0.005 -24"><span class='ocrx_word' id='word_1_60' title='bbox 376 1232 405 1262; x_wconf 73' lang='grc' dir='ltr'><strong>υ</strong></span> <span class='ocrx_word' id='word_1_61' title='bbox 444 1202 568 1273; x_wconf 82' lang='lat' dir='ltr'><strong>Est</strong></span> <span class='ocrx_word' id='word_1_62' title='bbox 602 1201 761 1290; x_wconf 85' lang='lat' dir='ltr'><strong>tibi,</strong></span> <span class='ocrx_word' id='word_1_63' title='bbox 800 1202 1122 1291; x_wconf 82' lang='lat' dir='ltr'><strong>consiliis,</strong></span> <span class='ocrx_word' id='word_1_64' title='bbox 1159 1233 1300 1278; x_wconf 91' lang='lat' dir='ltr'><strong>non</strong></span> <span class='ocrx_word' id='word_1_65' title='bbox 1333 1207 1672 1294; x_wconf 86' lang='lat' dir='ltr'><strong>curribus,</strong></span> <span class='ocrx_word' id='word_1_66' title='bbox 1698 1225 1891 1282; x_wconf 78' lang='lat' dir='ltr'><strong>&#39;utere</strong></span> <span class='ocrx_word' id='word_1_67' title='bbox 1923 1209 2210 1297; x_wconf 83' lang='lat' dir='ltr'><strong>nostris,</strong></span> 
     </span>
    </p>

    <p class='ocr_par' dir='ltr' id='par_1_10' title="bbox 374 1319 2238 1419">
     <span class='ocr_line' id='line_1_12' title="bbox 374 1319 2238 1419; baseline 0.006 -30"><span class='ocrx_word' id='word_1_68' title='bbox 374 1350 406 1379; x_wconf 65' lang='grc' dir='ltr'><strong>ν)</strong></span> <span class='ocrx_word' id='word_1_69' title='bbox 446 1319 623 1391; x_wconf 88' lang='lat' dir='ltr'><strong>Dum</strong></span> <span class='ocrx_word' id='word_1_70' title='bbox 656 1336 885 1419; x_wconf 81' lang='lat' dir='ltr'><strong>potes,</strong></span> <span class='ocrx_word' id='word_1_71' title='bbox 922 1338 989 1394; x_wconf 91' lang='lat' dir='ltr'><strong>et</strong></span> <span class='ocrx_word' id='word_1_72' title='bbox 1024 1319 1256 1396; x_wconf 81' lang='lat' dir='ltr'><strong>solidis</strong></span> <span class='ocrx_word' id='word_1_73' title='bbox 1289 1323 1644 1397; x_wconf 82' lang='lat' dir='ltr'><strong>etiamnum</strong></span> <span class='ocrx_word' id='word_1_74' title='bbox 1678 1323 1947 1399; x_wconf 83' lang='lat' dir='ltr'><strong>sedibus</strong></span> <span class='ocrx_word' id='word_1_75' title='bbox 1978 1324 2238 1415; x_wconf 82' lang='lat' dir='ltr'><strong>adstas;</strong></span> 
     </span>
    </p>

    <p class='ocr_par' dir='ltr' id='par_1_11' title="bbox 370 1434 2353 1652">
     <span class='ocr_line' id='line_1_13' title="bbox 373 1434 2353 1540; baseline 0.003 -33"><span class='ocrx_word' id='word_1_76' title='bbox 373 1468 406 1497; x_wconf 69' lang='lat'><strong>1»</strong></span> <span class='ocrx_word' id='word_1_77' title='bbox 445 1434 754 1536; x_wconf 85' lang='lat' dir='ltr'><strong>Dumque</strong></span> <span class='ocrx_word' id='word_1_78' title='bbox 786 1434 953 1510; x_wconf 82' lang='lat' dir='ltr'><strong>male</strong></span> <span class='ocrx_word' id='word_1_79' title='bbox 987 1455 1256 1538; x_wconf 85' lang='lat' dir='ltr'><strong>optatos</strong></span> <span class='ocrx_word' id='word_1_80' title='bbox 1287 1438 1590 1513; x_wconf 88' lang='lat' dir='ltr'><strong>nondum</strong></span> <span class='ocrx_word' id='word_1_81' title='bbox 1621 1440 1868 1540; x_wconf 84' lang='lat' dir='ltr'><strong>premis</strong></span> <span class='ocrx_word' id='word_1_82' title='bbox 1902 1440 2150 1515; x_wconf 87' lang='lat' dir='ltr'><strong>inscius</strong></span> <span class='ocrx_word' id='word_1_83' title='bbox 2182 1469 2353 1515; x_wconf 86' lang='lat' dir='ltr'><strong>axes.</strong></span> 
     </span>
     <span class='ocr_line' id='line_1_14' title="bbox 370 1549 2267 1652; baseline 0.003 -29"><span class='ocrx_word' id='word_1_84' title='bbox 370 1582 404 1612; x_wconf 73' lang='lat' dir='ltr'><strong>n</strong></span> <span class='ocrx_word' id='word_1_85' title='bbox 444 1549 611 1647; x_wconf 82' lang='lat' dir='ltr'><strong>Quae</strong></span> <span class='ocrx_word' id='word_1_86' title='bbox 650 1569 832 1625; x_wconf 83' lang='lat' dir='ltr'><strong>tutus</strong></span> <span class='ocrx_word' id='word_1_87' title='bbox 866 1570 1157 1652; x_wconf 68' lang='lat' dir='ltr'><strong>spectes»,</strong></span> <span class='ocrx_word' id='word_1_88' title='bbox 1200 1553 1342 1628; x_wconf 88' lang='lat' dir='ltr'><strong>sine</strong></span> <span class='ocrx_word' id='word_1_89' title='bbox 1371 1583 1476 1629; x_wconf 91' lang='lat' dir='ltr'><strong>me</strong></span> <span class='ocrx_word' id='word_1_90' title='bbox 1514 1554 1666 1630; x_wconf 84' lang='lat' dir='ltr'><strong>dare</strong></span> <span class='ocrx_word' id='word_1_91' title='bbox 1699 1555 1950 1630; x_wconf 86' lang='lat' dir='ltr'><strong>lumina</strong></span> <span class='ocrx_word' id='word_1_92' title='bbox 1985 1556 2195 1631; x_wconf 75' lang='lat' dir='ltr'><strong>terris.</strong></span> <span class='ocrx_word' id='word_1_93' title='bbox 2231 1591 2267 1622; x_wconf 87' lang='lat'>»</span> 
     </span>
    </p>
   </div>
   <div class='ocr_carea' id='block_1_8' title="bbox 511 1665 2149 1772">
    <p class='ocr_par' dir='ltr' id='par_1_12' title="bbox 511 1665 2149 1772">
     <span class='ocr_line' id='line_1_15' title="bbox 511 1665 2149 1772; baseline 0.005 -35"><span class='ocrx_word' id='word_1_94' title='bbox 511 1665 815 1772; x_wconf 74' lang='lat' dir='ltr'><strong>Occupat</strong></span> <span class='ocrx_word' id='word_1_95' title='bbox 846 1665 956 1741; x_wconf 91' lang='lat' dir='ltr'><strong>ille</strong></span> <span class='ocrx_word' id='word_1_96' title='bbox 992 1666 1199 1742; x_wconf 77' lang='lat' dir='ltr'><strong>levem</strong></span> <span class='ocrx_word' id='word_1_97' title='bbox 1225 1669 1501 1768; x_wconf 87' lang='lat' dir='ltr'><strong>juvenili</strong></span> <span class='ocrx_word' id='word_1_98' title='bbox 1533 1699 1810 1772; x_wconf 86' lang='lat' dir='ltr'><strong>corpore</strong></span> <span class='ocrx_word' id='word_1_99' title='bbox 1848 1699 2149 1759; x_wconf 81' lang='lat' dir='ltr'><strong>currum3</strong></span> 
     </span>
    </p>
   </div>
   <div class='ocr_carea' id='block_1_9' title="bbox 355 1850 1385 4192">
    <p class='ocr_par' dir='ltr' id='par_1_13' title="bbox 358 1850 1374 2079">
     <span class='ocr_line' id='line_1_16' title="bbox 430 1850 1374 1923; baseline 0.01 -22"><span class='ocrx_word' id='word_1_100' title='bbox 430 1850 539 1914; x_wconf 74' lang='lat'><strong>¹4⁰·</strong></span> <span class='ocrx_word' id='word_1_101' title='bbox 595 1852 758 1913; x_wconf 72' lang='lat' dir='ltr'><strong>Tene,</strong></span> <span class='ocrx_word' id='word_1_102' title='bbox 809 1872 1001 1923; x_wconf 81' lang='lat' dir='ltr'><strong>nempe</strong></span> <span class='ocrx_word' id='word_1_103' title='bbox 1044 1874 1272 1909; x_wconf 83' lang='lat' dir='ltr'><strong>cursum.</strong></span> <span class='ocrx_word' id='word_1_104' title='bbox 1306 1884 1374 1897; x_wconf 91' lang='lat'><strong>—-</strong></span> 
     </span>
     <span class='ocr_line' id='line_1_17' title="bbox 358 1928 1371 2003; baseline 0.009 -26"><span class='ocrx_word' id='word_1_105' title='bbox 358 1928 588 1980; x_wconf 59' lang='lat' dir='ltr'><strong>Fortuna</strong></span> <span class='ocrx_word' id='word_1_106' title='bbox 601 1939 699 1983; x_wconf 87' lang='lat' dir='ltr'><strong>etc.</strong></span> <span class='ocrx_word' id='word_1_107' title='bbox 722 1929 920 1985; x_wconf 85' lang='lat' dir='ltr'><strong>Votum</strong></span> <span class='ocrx_word' id='word_1_108' title='bbox 936 1931 1189 2000; x_wconf 79' lang='lat' dir='ltr'><strong>solemne,</strong></span> <span class='ocrx_word' id='word_1_109' title='bbox 1207 1952 1371 2003; x_wconf 90' lang='lat' dir='ltr'><strong>quum</strong></span> 
     </span>
     <span class='ocr_line' id='line_1_18' title="bbox 362 2001 1368 2079; baseline 0.008 -22"><span class='ocrx_word' id='word_1_110' title='bbox 362 2001 416 2057; x_wconf 85' lang='lat' dir='ltr'><strong>in</strong></span> <span class='ocrx_word' id='word_1_111' title='bbox 439 2006 593 2061; x_wconf 78' lang='lat' dir='ltr'><strong>rebus</strong></span> <span class='ocrx_word' id='word_1_112' title='bbox 615 2008 786 2063; x_wconf 83' lang='lat' dir='ltr'><strong>dubiis</strong></span> <span class='ocrx_word' id='word_1_113' title='bbox 818 2010 1011 2079; x_wconf 87' lang='lat' dir='ltr'><strong>aliquid</strong></span> <span class='ocrx_word' id='word_1_114' title='bbox 1047 2011 1368 2065; x_wconf 86' lang='lat' dir='ltr'><strong>audendum.</strong></span> 
     </span>
    </p>

    <p class='ocr_par' dir='ltr' id='par_1_14' title="bbox 355 2088 1380 3177">
     <span class='ocr_line' id='line_1_19' title="bbox 433 2088 1370 2158; baseline 0.002 -20"><span class='ocrx_word' id='word_1_115' title='bbox 433 2089 686 2152; x_wconf 71' lang='lat' dir='ltr'><strong>142.Du1u</strong></span> <span class='ocrx_word' id='word_1_116' title='bbox 705 2088 1034 2158; x_wconf 77' lang='lat' dir='ltr'><strong>loquor.Jam</strong></span> <span class='ocrx_word' id='word_1_117' title='bbox 1057 2107 1161 2141; x_wconf 77' lang='lat' dir='ltr'><strong>nox</strong></span> <span class='ocrx_word' id='word_1_118' title='bbox 1183 2088 1370 2141; x_wconf 82' lang='lat' dir='ltr'><strong>cedere</strong></span> 
     </span>
     <span class='ocr_line' id='line_1_20' title="bbox 365 2164 1371 2236; baseline 0.003 -22"><span class='ocrx_word' id='word_1_119' title='bbox 365 2164 519 2232; x_wconf 82' lang='lat' dir='ltr'><strong>coepit</strong></span> <span class='ocrx_word' id='word_1_120' title='bbox 535 2204 551 2230; x_wconf 89' lang='lat'>,</span> <span class='ocrx_word' id='word_1_121' title='bbox 588 2184 810 2236; x_wconf 77' lang='lat' dir='ltr'><strong>moxque</strong></span> <span class='ocrx_word' id='word_1_122' title='bbox 855 2176 1054 2219; x_wconf 83' lang='lat' dir='ltr'><strong>terram</strong></span> <span class='ocrx_word' id='word_1_123' title='bbox 1093 2165 1371 2234; x_wconf 77' lang='lat' dir='ltr'><strong>relinquet.</strong></span> 
     </span>
     <span class='ocr_line' id='line_1_21' title="bbox 366 2243 1373 2311; baseline 0 -17"><span class='ocrx_word' id='word_1_124' title='bbox 366 2244 679 2306; x_wconf 72' lang='lat' dir='ltr'><strong>—Hnm&#39;da,</strong></span> <span class='ocrx_word' id='word_1_125' title='bbox 699 2244 764 2297; x_wconf 85' lang='lat' dir='ltr'><strong>ob</strong></span> <span class='ocrx_word' id='word_1_126' title='bbox 783 2263 959 2297; x_wconf 86' lang='lat' dir='ltr'><strong>rorem</strong></span> <span class='ocrx_word' id='word_1_127' title='bbox 975 2267 988 2306; x_wconf 84' lang='lat'><strong>;</strong></span> <span class='ocrx_word' id='word_1_128' title='bbox 1007 2243 1079 2310; x_wconf 83' lang='lat' dir='ltr'><strong>V,</strong></span> <span class='ocrx_word' id='word_1_129' title='bbox 1092 2245 1187 2310; x_wconf 72' lang='lat'><strong>443</strong></span> <span class='ocrx_word' id='word_1_130' title='bbox 1208 2247 1373 2311; x_wconf 78' lang='lat' dir='ltr'><strong>:prai-</strong></span> 
     </span>
     <span class='ocr_line' id='line_1_22' title="bbox 362 2321 1374 2389; baseline 0.003 -17"><span class='ocrx_word' id='word_1_131' title='bbox 362 2339 500 2373; x_wconf 60' lang='grc' dir='ltr'><strong>πων</strong></span> <span class='ocrx_word' id='word_1_132' title='bbox 511 2324 1088 2389; x_wconf 58' lang='lat' dir='ltr'><strong>tenebrare-Hesperium</strong></span> <span class='ocrx_word' id='word_1_133' title='bbox 1099 2325 1237 2382; x_wconf 77' lang='lat' dir='ltr'><strong>litus,</strong></span> <span class='ocrx_word' id='word_1_134' title='bbox 1255 2321 1374 2375; x_wconf 80' lang='lat' dir='ltr'><strong>litus</strong></span> 
     </span>
     <span class='ocr_line' id='line_1_23' title="bbox 359 2397 1371 2468; baseline -0.001 -18"><span class='ocrx_word' id='word_1_135' title='bbox 359 2398 520 2451; x_wconf 83' lang='lat' dir='ltr'><strong>maris</strong></span> <span class='ocrx_word' id='word_1_136' title='bbox 555 2399 801 2453; x_wconf 74' lang='lat' dir='ltr'><strong>Atlantici</strong></span> <span class='ocrx_word' id='word_1_137' title='bbox 825 2439 843 2468; x_wconf 84' lang='lat'>,</span> <span class='ocrx_word' id='word_1_138' title='bbox 881 2400 935 2452; x_wconf 88' lang='lat' dir='ltr'><strong>in</strong></span> <span class='ocrx_word' id='word_1_139' title='bbox 967 2418 1073 2467; x_wconf 88' lang='lat' dir='ltr'><strong>quo</strong></span> <span class='ocrx_word' id='word_1_140' title='bbox 1100 2437 1115 2465; x_wconf 86' lang='lat'>,</span> <span class='ocrx_word' id='word_1_141' title='bbox 1162 2408 1222 2451; x_wconf 89' lang='lat' dir='ltr'><strong>ut</strong></span> <span class='ocrx_word' id='word_1_142' title='bbox 1244 2397 1371 2464; x_wconf 81' lang='lat' dir='ltr'><strong>soli,</strong></span> 
     </span>
     <span class='ocr_line' id='line_1_24' title="bbox 359 2474 1374 2553; baseline 0.001 -27"><span class='ocrx_word' id='word_1_143' title='bbox 359 2474 427 2527; x_wconf 85' lang='lat' dir='ltr'><strong>ita</strong></span> <span class='ocrx_word' id='word_1_144' title='bbox 476 2484 531 2528; x_wconf 80' lang='lat' dir='ltr'><strong>et</strong></span> <span class='ocrx_word' id='word_1_145' title='bbox 573 2479 716 2530; x_wconf 83' lang='lat' dir='ltr'><strong>nocti</strong></span> <span class='ocrx_word' id='word_1_146' title='bbox 748 2484 889 2529; x_wconf 69' lang='lat' dir='ltr'><strong>mele</strong></span> <span class='ocrx_word' id='word_1_147' title='bbox 910 2518 923 2539; x_wconf 84' lang='lat'><strong><em>.</em></strong></span> <span class='ocrx_word' id='word_1_148' title='bbox 963 2481 1131 2553; x_wconf 62' lang='lat' dir='ltr'><strong>stipat«</strong></span> <span class='ocrx_word' id='word_1_149' title='bbox 1156 2516 1171 2543; x_wconf 88' lang='lat'>,</span> <span class='ocrx_word' id='word_1_150' title='bbox 1213 2474 1374 2528; x_wconf 84' lang='lat' dir='ltr'><strong>veluti</strong></span> 
     </span>
     <span class='ocr_line' id='line_1_25' title="bbox 355 2554 1370 2627; baseline 0 -19"><span class='ocrx_word' id='word_1_151' title='bbox 355 2554 535 2623; x_wconf 68' lang='lat' dir='ltr'><strong>positae</strong></span> <span class='ocrx_word' id='word_1_152' title='bbox 552 2567 679 2610; x_wconf 84' lang='lat' dir='ltr'><strong>sunt</strong></span> <span class='ocrx_word' id='word_1_153' title='bbox 701 2598 719 2622; x_wconf 86' lang='lat'>‚</span> <span class='ocrx_word' id='word_1_154' title='bbox 745 2556 809 2610; x_wconf 81' lang='lat' dir='ltr'><strong>ad</strong></span> <span class='ocrx_word' id='word_1_155' title='bbox 838 2576 965 2627; x_wconf 82' lang='lat' dir='ltr'><strong>quas</strong></span> <span class='ocrx_word' id='word_1_156' title='bbox 986 2558 1075 2610; x_wconf 88' lang='lat' dir='ltr'><strong>ubi</strong></span> <span class='ocrx_word' id='word_1_157' title='bbox 1098 2555 1338 2626; x_wconf 79' lang='lat' dir='ltr'><strong>pervenit</strong></span> <span class='ocrx_word' id='word_1_158' title='bbox 1355 2594 1370 2617; x_wconf 87' lang='lat'><strong><em>,</em></strong></span> 
     </span>
     <span class='ocr_line' id='line_1_26' title="bbox 358 2634 1378 2706; baseline 0 -20"><span class='ocrx_word' id='word_1_159' title='bbox 358 2634 411 2686; x_wconf 86' lang='lat' dir='ltr'><strong>in</strong></span> <span class='ocrx_word' id='word_1_160' title='bbox 438 2655 585 2688; x_wconf 83' lang='lat' dir='ltr'><strong>mare</strong></span> <span class='ocrx_word' id='word_1_161' title='bbox 623 2636 894 2706; x_wconf 79' lang='lat' dir='ltr'><strong>mergitur.</strong></span> <span class='ocrx_word' id='word_1_162' title='bbox 933 2664 999 2677; x_wconf 89' lang='lat'>—</span> <span class='ocrx_word' id='word_1_163' title='bbox 1036 2636 1188 2687; x_wconf 70' lang='lat' dir='ltr'><strong>Melo</strong></span> <span class='ocrx_word' id='word_1_164' title='bbox 1213 2675 1227 2696; x_wconf 83' lang='lat'><strong>,</strong></span> <span class='ocrx_word' id='word_1_165' title='bbox 1266 2643 1378 2686; x_wconf 80' lang='lat' dir='ltr'><strong>ter-</strong></span> 
     </span>
     <span class='ocr_line' id='line_1_27' title="bbox 362 2712 1373 2782; baseline -0.001 -18"><span class='ocrx_word' id='word_1_166' title='bbox 362 2712 488 2765; x_wconf 87' lang='lat' dir='ltr'><strong>mini</strong></span> <span class='ocrx_word' id='word_1_167' title='bbox 504 2754 520 2780; x_wconf 88' lang='lat'><em>,</em></span> <span class='ocrx_word' id='word_1_168' title='bbox 550 2712 616 2767; x_wconf 84' lang='lat' dir='ltr'><strong>ad</strong></span> <span class='ocrx_word' id='word_1_169' title='bbox 643 2733 774 2782; x_wconf 88' lang='lat' dir='ltr'><strong>quos</strong></span> <span class='ocrx_word' id='word_1_170' title='bbox 792 2713 1161 2767; x_wconf 81' lang='lat' dir='ltr'><strong>contendimus</strong></span> <span class='ocrx_word' id='word_1_171' title='bbox 1186 2729 1339 2766; x_wconf 86' lang='lat' dir='ltr'><strong>cursu</strong></span> <span class='ocrx_word' id='word_1_172' title='bbox 1357 2749 1373 2776; x_wconf 82' lang='lat'>‚</span> 
     </span>
     <span class='ocr_line' id='line_1_28' title="bbox 362 2789 1376 2847; baseline -0.002 -4"><span class='ocrx_word' id='word_1_173' title='bbox 362 2789 409 2843; x_wconf 85' lang='lat' dir='ltr'><strong>h.</strong></span> <span class='ocrx_word' id='word_1_174' title='bbox 430 2791 463 2844; x_wconf 89' lang='grc' dir='ltr'><strong>Ι.</strong></span> <span class='ocrx_word' id='word_1_175' title='bbox 491 2790 557 2844; x_wconf 87' lang='lat' dir='ltr'><strong>de</strong></span> <span class='ocrx_word' id='word_1_176' title='bbox 584 2792 858 2845; x_wconf 76' lang='lat' dir='ltr'><strong>horizonte</strong></span> <span class='ocrx_word' id='word_1_177' title='bbox 885 2792 1189 2847; x_wconf 84' lang='lat' dir='ltr'><strong>occidentali</strong></span> <span class='ocrx_word' id='word_1_178' title='bbox 1224 2813 1238 2847; x_wconf 76' lang='lat' dir='ltr'><strong><em>z</em></strong></span> <span class='ocrx_word' id='word_1_179' title='bbox 1271 2789 1376 2843; x_wconf 81' lang='lat' dir='ltr'><strong>vid.</strong></span> 
     </span>
     <span class='ocr_line' id='line_1_29' title="bbox 364 2868 1375 2942; baseline -0.003 -17"><span class='ocrx_word' id='word_1_180' title='bbox 364 2870 651 2942; x_wconf 75' lang='lat' dir='ltr'><strong>spanhem.</strong></span> <span class='ocrx_word' id='word_1_181' title='bbox 678 2881 733 2924; x_wconf 86' lang='lat' dir='ltr'><strong>et</strong></span> <span class='ocrx_word' id='word_1_182' title='bbox 750 2871 956 2925; x_wconf 77' lang='lat' dir='ltr'><strong>Ernesti</strong></span> <span class='ocrx_word' id='word_1_183' title='bbox 978 2870 1044 2924; x_wconf 91' lang='lat' dir='ltr'><strong>ad</strong></span> <span class='ocrx_word' id='word_1_184' title='bbox 1071 2868 1375 2925; x_wconf 85' lang='lat' dir='ltr'><strong>Callimach.</strong></span> 
     </span>
     <span class='ocr_line' id='line_1_30' title="bbox 362 2946 1375 3020; baseline -0.003 -19"><span class='ocrx_word' id='word_1_185' title='bbox 362 2947 412 3001; x_wconf 80' lang='lat' dir='ltr'><strong>b.</strong></span> <span class='ocrx_word' id='word_1_186' title='bbox 428 2950 550 3003; x_wconf 89' lang='lat' dir='ltr'><strong>Del.</strong></span> <span class='ocrx_word' id='word_1_187' title='bbox 567 2969 703 3002; x_wconf 76' lang='lat' dir='ltr'><strong>vers·</strong></span> <span class='ocrx_word' id='word_1_188' title='bbox 726 2949 818 3020; x_wconf 77' lang='lat'><strong>159</strong></span> <span class='ocrx_word' id='word_1_189' title='bbox 833 2968 846 3001; x_wconf 72' lang='grc' dir='ltr'>ε</span> <span class='ocrx_word' id='word_1_190' title='bbox 863 2950 1038 3002; x_wconf 56' lang='lat' dir='ltr'><strong>Media</strong></span> <span class='ocrx_word' id='word_1_191' title='bbox 1050 2957 1181 3001; x_wconf 74' lang='lat' dir='ltr'><strong>mela</strong></span> <span class='ocrx_word' id='word_1_192' title='bbox 1194 2989 1207 3010; x_wconf 83' lang='lat'><em>,</em></span> <span class='ocrx_word' id='word_1_193' title='bbox 1227 2946 1375 3016; x_wconf 74' lang='lat' dir='ltr'><strong>Vix-g.</strong></span> 
     </span>
     <span class='ocr_line' id='line_1_31' title="bbox 366 3026 1378 3096; baseline -0.005 -12"><span class='ocrx_word' id='word_1_194' title='bbox 366 3030 488 3084; x_wconf 81' lang='lat' dir='ltr'><strong>AEn.</strong></span> <span class='ocrx_word' id='word_1_195' title='bbox 512 3030 585 3096; x_wconf 80' lang='lat' dir='ltr'><strong>V,</strong></span> <span class='ocrx_word' id='word_1_196' title='bbox 604 3031 733 3096; x_wconf 79' lang='lat'><strong>835,</strong></span> <span class='ocrx_word' id='word_1_197' title='bbox 756 3040 834 3083; x_wconf 86' lang='lat' dir='ltr'><strong>est</strong></span> <span class='ocrx_word' id='word_1_198' title='bbox 860 3040 1038 3083; x_wconf 76' lang='lat' dir='ltr'><strong>vertex</strong></span> <span class='ocrx_word' id='word_1_199' title='bbox 1059 3028 1186 3083; x_wconf 62' lang='lat' dir='ltr'><strong>celi.</strong></span> <span class='ocrx_word' id='word_1_200' title='bbox 1212 3026 1378 3080; x_wconf 65' lang='lat' dir='ltr'><strong>Mete</strong></span> 
     </span>
     <span class='ocr_line' id='line_1_32' title="bbox 369 3107 1380 3177; baseline -0.003 -17"><span class='ocrx_word' id='word_1_201' title='bbox 369 3107 572 3177; x_wconf 80' lang='lat' dir='ltr'><strong>proprie</strong></span> <span class='ocrx_word' id='word_1_202' title='bbox 600 3114 857 3176; x_wconf 75' lang='lat' dir='ltr'><strong>ponuntur</strong></span> <span class='ocrx_word' id='word_1_203' title='bbox 886 3117 975 3160; x_wconf 86' lang='lat' dir='ltr'><strong>aut</strong></span> <span class='ocrx_word' id='word_1_204' title='bbox 1001 3112 1380 3160; x_wconf 72' lang='lat' dir='ltr'><strong>constituuntur.</strong></span> 
     </span>
    </p>

    <p class='ocr_par' dir='ltr' id='par_1_15' title="bbox 361 3186 1381 3475">
     <span class='ocr_line' id='line_1_33' title="bbox 438 3186 1379 3254; baseline -0.001 -16"><span class='ocrx_word' id='word_1_205' title='bbox 438 3187 546 3254; x_wconf 71' lang='grc' dir='ltr'><strong>ιβ.</strong></span> <span class='ocrx_word' id='word_1_206' title='bbox 561 3189 675 3241; x_wconf 74' lang='lat' dir='ltr'><strong>Non</strong></span> <span class='ocrx_word' id='word_1_207' title='bbox 702 3194 784 3240; x_wconf 76' lang='lat' dir='ltr'><strong>est</strong></span> <span class='ocrx_word' id='word_1_208' title='bbox 800 3206 940 3240; x_wconf 78' lang='lat' dir='ltr'><strong>mora</strong></span> <span class='ocrx_word' id='word_1_209' title='bbox 957 3189 1129 3237; x_wconf 78' lang='lat' dir='ltr'><strong>libera.</strong></span> <span class='ocrx_word' id='word_1_210' title='bbox 1154 3186 1276 3238; x_wconf 87' lang='lat' dir='ltr'><strong>Non</strong></span> <span class='ocrx_word' id='word_1_211' title='bbox 1301 3193 1379 3239; x_wconf 85' lang='lat' dir='ltr'><strong>est</strong></span> 
     </span>
     <span class='ocr_line' id='line_1_34' title="bbox 365 3262 1379 3335; baseline -0.005 -16"><span class='ocrx_word' id='word_1_212' title='bbox 365 3264 633 3335; x_wconf 80' lang='lat' dir='ltr'><strong>integrum</strong></span> <span class='ocrx_word' id='word_1_213' title='bbox 655 3264 808 3319; x_wconf 80' lang='lat' dir='ltr'><strong>nobis</strong></span> <span class='ocrx_word' id='word_1_214' title='bbox 836 3263 1047 3317; x_wconf 85' lang='lat' dir='ltr'><strong>morari.</strong></span> <span class='ocrx_word' id='word_1_215' title='bbox 1081 3262 1170 3317; x_wconf 88' lang='lat' dir='ltr'><strong>Sic</strong></span> <span class='ocrx_word' id='word_1_216' title='bbox 1194 3262 1379 3333; x_wconf 76' lang='lat' dir='ltr'><strong>virgil.</strong></span> 
     </span>
     <span class='ocr_line' id='line_1_35' title="bbox 364 3342 1381 3412; baseline -0.003 -16"><span class='ocrx_word' id='word_1_217' title='bbox 364 3342 580 3396; x_wconf 80' lang='lat' dir='ltr'><strong>AEneid.</strong></span> <span class='ocrx_word' id='word_1_218' title='bbox 604 3342 735 3410; x_wconf 86' lang='lat' dir='ltr'><strong>xll,</strong></span> <span class='ocrx_word' id='word_1_219' title='bbox 754 3346 817 3412; x_wconf 77' lang='lat'><strong>74</strong></span> <span class='ocrx_word' id='word_1_220' title='bbox 838 3361 851 3395; x_wconf 88' lang='lat'><strong>:</strong></span> <span class='ocrx_word' id='word_1_221' title='bbox 872 3344 1043 3410; x_wconf 72' lang='lat' dir='ltr'><strong>Neque</strong></span> <span class='ocrx_word' id='word_1_222' title='bbox 1058 3346 1189 3394; x_wconf 75' lang='lat' dir='ltr'><strong>enim</strong></span> <span class='ocrx_word' id='word_1_223' title='bbox 1213 3343 1381 3394; x_wconf 75' lang='lat' dir='ltr'><strong>Tamo</strong></span> 
     </span>
     <span class='ocr_line' id='line_1_36' title="bbox 361 3418 1037 3475; baseline -0.003 -2"><span class='ocrx_word' id='word_1_224' title='bbox 361 3440 504 3474; x_wconf 69' lang='lat' dir='ltr'><strong>nora</strong></span> <span class='ocrx_word' id='word_1_225' title='bbox 518 3425 680 3475; x_wconf 78' lang='lat' dir='ltr'><strong>libera</strong></span> <span class='ocrx_word' id='word_1_226' title='bbox 706 3426 894 3474; x_wconf 72' lang='lat' dir='ltr'><strong>moe-lis.</strong></span> <span class='ocrx_word' id='word_1_227' title='bbox 938 3418 1037 3473; x_wconf 87' lang='lat' dir='ltr'><strong>Ed.</strong></span> 
     </span>
    </p>

    <p class='ocr_par' dir='ltr' id='par_1_16' title="bbox 360 3495 1383 3880">
     <span class='ocr_line' id='line_1_37' title="bbox 433 3495 1380 3568; baseline -0.005 -16"><span class='ocrx_word' id='word_1_228' title='bbox 433 3501 545 3567; x_wconf 75' lang='lat'><strong>144.</strong></span> <span class='ocrx_word' id='word_1_229' title='bbox 573 3497 833 3567; x_wconf 73' lang='lat' dir='ltr'><strong>Essulget,</strong></span> <span class='ocrx_word' id='word_1_230' title='bbox 861 3497 1004 3568; x_wconf 89' lang='lat' dir='ltr'><strong>quod</strong></span> <span class='ocrx_word' id='word_1_231' title='bbox 1024 3497 1224 3567; x_wconf 87' lang='lat' dir='ltr'><strong>primus</strong></span> <span class='ocrx_word' id='word_1_232' title='bbox 1240 3495 1380 3548; x_wconf 85' lang='lat' dir='ltr'><strong>Gro-</strong></span> 
     </span>
     <span class='ocr_line' id='line_1_38' title="bbox 361 3573 1378 3647; baseline -0.004 -17"><span class='ocrx_word' id='word_1_233' title='bbox 361 3595 487 3630; x_wconf 81' lang='lat' dir='ltr'><strong>nov.</strong></span> <span class='ocrx_word' id='word_1_234' title='bbox 524 3595 625 3647; x_wconf 87' lang='lat' dir='ltr'><strong>pro</strong></span> <span class='ocrx_word' id='word_1_235' title='bbox 672 3576 875 3630; x_wconf 81' lang='lat' dir='ltr'><strong>diversa</strong></span> <span class='ocrx_word' id='word_1_236' title='bbox 913 3576 1136 3630; x_wconf 88' lang='lat' dir='ltr'><strong>lectione</strong></span> <span class='ocrx_word' id='word_1_237' title='bbox 1181 3573 1378 3639; x_wconf 54' lang='lat' dir='ltr'><strong>haben</strong></span> 
     </span>
     <span class='ocr_line' id='line_1_39' title="bbox 360 3649 1376 3723; baseline -0.004 -17"><span class='ocrx_word' id='word_1_238' title='bbox 360 3653 489 3707; x_wconf 89' lang='lat' dir='ltr'><strong>inde</strong></span> <span class='ocrx_word' id='word_1_239' title='bbox 516 3653 706 3708; x_wconf 83' lang='lat' dir='ltr'><strong>Heins.</strong></span> <span class='ocrx_word' id='word_1_240' title='bbox 723 3653 919 3723; x_wconf 85' lang='lat' dir='ltr'><strong>recepit</strong></span> <span class='ocrx_word' id='word_1_241' title='bbox 938 3692 954 3720; x_wconf 88' lang='lat'>,</span> <span class='ocrx_word' id='word_1_242' title='bbox 979 3652 1067 3722; x_wconf 89' lang='lat' dir='ltr'><strong>qui</strong></span> <span class='ocrx_word' id='word_1_243' title='bbox 1092 3662 1146 3706; x_wconf 91' lang='lat' dir='ltr'><strong>et</strong></span> <span class='ocrx_word' id='word_1_244' title='bbox 1167 3649 1376 3718; x_wconf 86' lang='lat' dir='ltr'><strong>suadet,</strong></span> 
     </span>
     <span class='ocr_line' id='line_1_40' title="bbox 361 3729 1383 3801; baseline -0.003 -16"><span class='ocrx_word' id='word_1_245' title='bbox 361 3752 425 3786; x_wconf 73' lang='lat' dir='ltr'><strong>en</strong></span> <span class='ocrx_word' id='word_1_246' title='bbox 445 3730 634 3801; x_wconf 62' lang='lat' dir='ltr'><strong>fulget.</strong></span> <span class='ocrx_word' id='word_1_247' title='bbox 671 3730 867 3787; x_wconf 68' lang='lat' dir='ltr'><strong>Ceteri</strong></span> <span class='ocrx_word' id='word_1_248' title='bbox 884 3773 898 3796; x_wconf 88' lang='lat'><em>,</em></span> <span class='ocrx_word' id='word_1_249' title='bbox 923 3731 1172 3800; x_wconf 65' lang='lat' dir='ltr'><strong>effulget.</strong></span> <span class='ocrx_word' id='word_1_250' title='bbox 1203 3729 1383 3784; x_wconf 77' lang='lat' dir='ltr'><strong>Nostri</strong></span> 
     </span>
     <span class='ocr_line' id='line_1_41' title="bbox 361 3808 894 3880; baseline 0.002 -18"><span class='ocrx_word' id='word_1_251' title='bbox 361 3829 578 3880; x_wconf 87' lang='lat' dir='ltr'><strong>quoque</strong></span> <span class='ocrx_word' id='word_1_252' title='bbox 594 3852 610 3873; x_wconf 90' lang='lat'><em>,</em></span> <span class='ocrx_word' id='word_1_253' title='bbox 633 3817 690 3863; x_wconf 79' lang='lat' dir='ltr'><strong>et</strong></span> <span class='ocrx_word' id='word_1_254' title='bbox 705 3808 894 3878; x_wconf 65' lang='lat' dir='ltr'><strong>fulget.</strong></span> 
     </span>
    </p>

    <p class='ocr_par' dir='ltr' id='par_1_17' title="bbox 358 3885 1380 4042">
     <span class='ocr_line' id='line_1_42' title="bbox 436 3885 1380 3958; baseline -0.001 -18"><span class='ocrx_word' id='word_1_255' title='bbox 436 3890 545 3954; x_wconf 73' lang='lat'><strong>¹45·</strong></span> <span class='ocrx_word' id='word_1_256' title='bbox 574 3889 794 3956; x_wconf 78' lang='lat' dir='ltr'><strong>Corripe.</strong></span> <span class='ocrx_word' id='word_1_257' title='bbox 841 3887 1077 3958; x_wconf 86' lang='lat' dir='ltr'><strong>Euripid.</strong></span> <span class='ocrx_word' id='word_1_258' title='bbox 1117 3885 1338 3941; x_wconf 72' lang='lat' dir='ltr'><strong>Phaeth.</strong></span> <span class='ocrx_word' id='word_1_259' title='bbox 1365 3905 1380 3939; x_wconf 70' lang='grc' dir='ltr'><em>ε</em></span> 
     </span>
     <span class='ocr_line' id='line_1_43' title="bbox 358 3971 877 4042; baseline -0.004 -21"><span class='ocrx_word' id='word_1_260' title='bbox 358 3975 478 4027; x_wconf 72' lang='grc' dir='ltr'><strong>Παῖς</strong></span> <span class='ocrx_word' id='word_1_261' title='bbox 502 3973 709 4042; x_wconf 70' lang='grc' dir='ltr'><strong>ἵμαρψεν</strong></span> <span class='ocrx_word' id='word_1_262' title='bbox 735 3971 877 4029; x_wconf 53' lang='lat' dir='ltr'><strong>ivi-5.</strong></span> 
     </span>
    </p>

    <p class='ocr_par' dir='ltr' id='par_1_18' title="bbox 365 4044 1385 4192">
     <span class='ocr_line' id='line_1_44' title="bbox 434 4044 1384 4117; baseline -0.001 -19"><span class='ocrx_word' id='word_1_263' title='bbox 434 4047 548 4117; x_wconf 72' lang='lat'><strong>147.</strong></span> <span class='ocrx_word' id='word_1_264' title='bbox 570 4046 757 4097; x_wconf 80' lang='lat' dir='ltr'><strong>Solidae</strong></span> <span class='ocrx_word' id='word_1_265' title='bbox 767 4049 912 4099; x_wconf 76' lang='lat' dir='ltr'><strong>sedes</strong></span> <span class='ocrx_word' id='word_1_266' title='bbox 927 4087 939 4106; x_wconf 83' lang='grc'>,</span> <span class='ocrx_word' id='word_1_267' title='bbox 962 4044 1104 4115; x_wconf 81' lang='lat' dir='ltr'><strong>regia</strong></span> <span class='ocrx_word' id='word_1_268' title='bbox 1119 4082 1134 4109; x_wconf 87' lang='lat'>,</span> <span class='ocrx_word' id='word_1_269' title='bbox 1160 4061 1268 4096; x_wconf 85' lang='lat' dir='ltr'><strong>non</strong></span> <span class='ocrx_word' id='word_1_270' title='bbox 1289 4063 1384 4113; x_wconf 87' lang='lat' dir='ltr'><strong>per</strong></span> 
     </span>
     <span class='ocr_line' id='line_1_45' title="bbox 365 4122 1385 4192; baseline -0.002 -13"><span class='ocrx_word' id='word_1_271' title='bbox 365 4143 548 4180; x_wconf 77' lang='lat' dir='ltr'><strong>aerem</strong></span> <span class='ocrx_word' id='word_1_272' title='bbox 581 4125 795 4192; x_wconf 78' lang='lat' dir='ltr'><strong>volans,</strong></span> <span class='ocrx_word' id='word_1_273' title='bbox 825 4123 916 4180; x_wconf 81' lang='lat' dir='ltr'><strong>sed</strong></span> <span class='ocrx_word' id='word_1_274' title='bbox 953 4124 1120 4178; x_wconf 80' lang='lat' dir='ltr'><strong>firmis</strong></span> <span class='ocrx_word' id='word_1_275' title='bbox 1153 4122 1385 4178; x_wconf 85' lang='lat' dir='ltr'><strong>innitens</strong></span> 
     </span>
    </p>
   </div>
   <div class='ocr_carea' id='block_1_10' title="bbox 2390 1695 2482 1746">
    <p class='ocr_par' dir='ltr' id='par_1_19' title="bbox 2390 1695 2482 1746">
     <span class='ocr_line' id='line_1_46' title="bbox 2390 1695 2482 1746; baseline -0.011 -1"><span class='ocrx_word' id='word_1_276' title='bbox 2390 1695 2482 1746; x_wconf 76' lang='grc'><strong>150</strong></span> 
     </span>
    </p>
   </div>
   <div class='ocr_carea' id='block_1_11' title="bbox 1464 1856 2504 4194">
    <p class='ocr_par' dir='ltr' id='par_1_20' title="bbox 1464 1856 2485 2089">
     <span class='ocr_line' id='line_1_47' title="bbox 1464 1856 2481 1930; baseline 0 -20"><span class='ocrx_word' id='word_1_277' title='bbox 1464 1856 1838 1912; x_wconf 79' lang='lat' dir='ltr'><strong>fundamentis.</strong></span> <span class='ocrx_word' id='word_1_278' title='bbox 1849 1857 1977 1911; x_wconf 85' lang='lat' dir='ltr'><strong>Eur.</strong></span> <span class='ocrx_word' id='word_1_279' title='bbox 1990 1857 2403 1930; x_wconf 59' lang='lat' dir='ltr'><strong>Phaethsragm.</strong></span> <span class='ocrx_word' id='word_1_280' title='bbox 2419 1861 2451 1913; x_wconf 82' lang='lat'>6</span> <span class='ocrx_word' id='word_1_281' title='bbox 2468 1875 2481 1910; x_wconf 74' lang='lat' dir='ltr'><strong>t</strong></span> 
     </span>
     <span class='ocr_line' id='line_1_48' title="bbox 1466 1936 2485 2012; baseline 0.003 -24"><span class='ocrx_word' id='word_1_282' title='bbox 1466 1943 1543 1997; x_wconf 60' lang='lat' dir='ltr'><strong>ui</strong></span> <span class='ocrx_word' id='word_1_283' title='bbox 1554 1943 1697 2008; x_wconf 59' lang='grc' dir='ltr'><strong>θίγῃς</strong></span> <span class='ocrx_word' id='word_1_284' title='bbox 1712 1939 1866 2001; x_wconf 55' lang='lat' dir='ltr'><strong>beaw,</strong></span> <span class='ocrx_word' id='word_1_285' title='bbox 1882 1943 2084 2002; x_wconf 65' lang='grc' dir='ltr'><strong>παιδίον,</strong></span> <span class='ocrx_word' id='word_1_286' title='bbox 2097 1940 2273 2012; x_wconf 63' lang='grc' dir='ltr'><strong>ἄπειρος</strong></span> <span class='ocrx_word' id='word_1_287' title='bbox 2285 1936 2485 2005; x_wconf 50' lang='lat' dir='ltr'><strong>amm?</strong></span> 
     </span>
     <span class='ocr_line' id='line_1_49' title="bbox 1466 2011 2483 2089; baseline 0.004 -25"><span class='ocrx_word' id='word_1_288' title='bbox 1466 2011 1633 2088; x_wconf 67' lang='grc' dir='ltr'><strong><em>ἆναὸῇς</em></strong></span> <span class='ocrx_word' id='word_1_289' title='bbox 1664 2018 1738 2067; x_wconf 68' lang='grc' dir='ltr'><strong>τὶν</strong></span> <span class='ocrx_word' id='word_1_290' title='bbox 1765 2019 1918 2089; x_wconf 50' lang='grc' dir='ltr'><strong>δίφρον</strong></span> <span class='ocrx_word' id='word_1_291' title='bbox 1935 2051 1951 2078; x_wconf 79' lang='lat'>‚</span> <span class='ocrx_word' id='word_1_292' title='bbox 1977 2017 2172 2066; x_wconf 56' lang='lat' dir='ltr'><strong>elafium</strong></span> <span class='ocrx_word' id='word_1_293' title='bbox 2204 2023 2272 2080; x_wconf 67' lang='grc' dir='ltr'><strong>μὴ</strong></span> <span class='ocrx_word' id='word_1_294' title='bbox 2309 2018 2483 2080; x_wconf 56' lang='lat' dir='ltr'><strong>modu.</strong></span> 
     </span>
    </p>

    <p class='ocr_par' dir='ltr' id='par_1_21' title="bbox 1464 2092 2504 4194">
     <span class='ocr_line' id='line_1_50' title="bbox 1536 2092 2484 2156; baseline 0.005 -16"><span class='ocrx_word' id='word_1_295' title='bbox 1536 2093 1645 2141; x_wconf 76' lang='lat'><strong>150.</strong></span> <span class='ocrx_word' id='word_1_296' title='bbox 1681 2092 1912 2156; x_wconf 77' lang='lat' dir='ltr'><strong>Occupat</strong></span> <span class='ocrx_word' id='word_1_297' title='bbox 1929 2093 2017 2141; x_wconf 77' lang='lat' dir='ltr'><strong>ille</strong></span> <span class='ocrx_word' id='word_1_298' title='bbox 2045 2093 2197 2140; x_wconf 70' lang='lat' dir='ltr'><strong>levem</strong></span> <span class='ocrx_word' id='word_1_299' title='bbox 2221 2100 2318 2143; x_wconf 83' lang='lat' dir='ltr'><strong>etc.</strong></span> <span class='ocrx_word' id='word_1_300' title='bbox 2342 2092 2484 2144; x_wconf 82' lang='lat' dir='ltr'><strong>Hac-</strong></span> 
     </span>
     <span class='ocr_line' id='line_1_51' title="bbox 1464 2164 2485 2234; baseline 0.005 -18"><span class='ocrx_word' id='word_1_301' title='bbox 1464 2173 1620 2218; x_wconf 86' lang='lat' dir='ltr'><strong>tenus</strong></span> <span class='ocrx_word' id='word_1_302' title='bbox 1633 2164 1880 2234; x_wconf 83' lang='lat' dir='ltr'><strong>pleraque</strong></span> <span class='ocrx_word' id='word_1_303' title='bbox 1894 2166 2003 2218; x_wconf 84' lang='lat' dir='ltr'><strong>sere</strong></span> <span class='ocrx_word' id='word_1_304' title='bbox 2021 2166 2200 2217; x_wconf 88' lang='lat' dir='ltr'><strong>omnia</strong></span> <span class='ocrx_word' id='word_1_305' title='bbox 2209 2165 2345 2220; x_wconf 85' lang='lat' dir='ltr'><strong>bene</strong></span> <span class='ocrx_word' id='word_1_306' title='bbox 2358 2177 2485 2221; x_wconf 86' lang='lat' dir='ltr'><strong>trac·</strong></span> 
     </span>
     <span class='ocr_line' id='line_1_52' title="bbox 1466 2242 2487 2313; baseline 0.004 -19"><span class='ocrx_word' id='word_1_307' title='bbox 1466 2253 1578 2295; x_wconf 84' lang='lat' dir='ltr'><strong>tata</strong></span> <span class='ocrx_word' id='word_1_308' title='bbox 1599 2283 1615 2308; x_wconf 86' lang='lat'>‚</span> <span class='ocrx_word' id='word_1_309' title='bbox 1665 2244 1941 2311; x_wconf 86' lang='lat' dir='ltr'><strong>omnisque</strong></span> <span class='ocrx_word' id='word_1_310' title='bbox 1988 2243 2130 2296; x_wconf 88' lang='lat' dir='ltr'><strong>locus</strong></span> <span class='ocrx_word' id='word_1_311' title='bbox 2170 2242 2487 2313; x_wconf 83' lang='lat' dir='ltr'><strong>descriptio-</strong></span> 
     </span>
     <span class='ocr_line' id='line_1_53' title="bbox 1467 2319 2485 2386; baseline 0.005 -15"><span class='ocrx_word' id='word_1_312' title='bbox 1467 2319 1649 2381; x_wconf 84' lang='lat' dir='ltr'><strong>nibus,</strong></span> <span class='ocrx_word' id='word_1_313' title='bbox 1690 2319 2012 2372; x_wconf 85' lang='lat' dir='ltr'><strong>orationibus</strong></span> <span class='ocrx_word' id='word_1_314' title='bbox 2037 2358 2053 2386; x_wconf 89' lang='lat'>,</span> <span class='ocrx_word' id='word_1_315' title='bbox 2098 2320 2485 2376; x_wconf 72' lang='lat' dir='ltr'><strong>narrationibus</strong></span> 
     </span>
     <span class='ocr_line' id='line_1_54' title="bbox 1469 2394 2482 2465; baseline 0.005 -18"><span class='ocrx_word' id='word_1_316' title='bbox 1469 2406 1586 2465; x_wconf 83' lang='lat' dir='ltr'><strong>apte</strong></span> <span class='ocrx_word' id='word_1_317' title='bbox 1601 2394 1874 2450; x_wconf 84' lang='lat' dir='ltr'><strong>distinctus</strong></span> <span class='ocrx_word' id='word_1_318' title='bbox 1885 2405 2038 2465; x_wconf 84' lang='lat' dir='ltr'><strong>atque</strong></span> <span class='ocrx_word' id='word_1_319' title='bbox 2057 2395 2346 2465; x_wconf 80' lang='lat' dir='ltr'><strong>dispositus.</strong></span> <span class='ocrx_word' id='word_1_320' title='bbox 2360 2397 2482 2451; x_wconf 87' lang='lat' dir='ltr'><strong>Jam</strong></span> 
     </span>
     <span class='ocr_line' id='line_1_55' title="bbox 1468 2473 2487 2544; baseline 0.004 -18"><span class='ocrx_word' id='word_1_321' title='bbox 1468 2473 1594 2527; x_wconf 89' lang='lat' dir='ltr'><strong>hinc</strong></span> <span class='ocrx_word' id='word_1_322' title='bbox 1614 2494 1791 2528; x_wconf 84' lang='lat' dir='ltr'><strong>cursus</strong></span> <span class='ocrx_word' id='word_1_323' title='bbox 1813 2475 1919 2544; x_wconf 87' lang='lat' dir='ltr'><strong>ipse</strong></span> <span class='ocrx_word' id='word_1_324' title='bbox 1944 2474 2124 2543; x_wconf 83' lang='lat' dir='ltr'><strong>incipit</strong></span> <span class='ocrx_word' id='word_1_325' title='bbox 2151 2514 2166 2541; x_wconf 87' lang='lat'>,</span> <span class='ocrx_word' id='word_1_326' title='bbox 2202 2474 2292 2543; x_wconf 84' lang='lat' dir='ltr'><strong>qui</strong></span> <span class='ocrx_word' id='word_1_327' title='bbox 2316 2475 2487 2544; x_wconf 87' lang='lat' dir='ltr'><strong>phan-</strong></span> 
     </span>
     <span class='ocr_line' id='line_1_56' title="bbox 1470 2552 2484 2622; baseline 0.003 -17"><span class='ocrx_word' id='word_1_328' title='bbox 1470 2552 1610 2605; x_wconf 63' lang='lat' dir='ltr'><strong>tasin</strong></span> <span class='ocrx_word' id='word_1_329' title='bbox 1645 2564 1812 2622; x_wconf 66' lang='lat' dir='ltr'><strong>poeta</strong></span> <span class='ocrx_word' id='word_1_330' title='bbox 1848 2553 2013 2605; x_wconf 87' lang='lat' dir='ltr'><strong>latum</strong></span> <span class='ocrx_word' id='word_1_331' title='bbox 2047 2571 2295 2622; x_wconf 85' lang='lat' dir='ltr'><strong>campum</strong></span> <span class='ocrx_word' id='word_1_332' title='bbox 2339 2572 2484 2622; x_wconf 63' lang='lat' dir='ltr'><strong>prt—</strong></span> 
     </span>
     <span class='ocr_line' id='line_1_57' title="bbox 1468 2629 2485 2700; baseline -0.001 -17"><span class='ocrx_word' id='word_1_333' title='bbox 1468 2631 1663 2684; x_wconf 82' lang='lat' dir='ltr'><strong>stravit.</strong></span> <span class='ocrx_word' id='word_1_334' title='bbox 1688 2629 1797 2684; x_wconf 88' lang='lat' dir='ltr'><strong>Sed</strong></span> <span class='ocrx_word' id='word_1_335' title='bbox 1823 2629 1910 2683; x_wconf 83' lang='lat' dir='ltr'><strong>hic</strong></span> <span class='ocrx_word' id='word_1_336' title='bbox 1938 2629 2045 2682; x_wconf 84' lang='lat' dir='ltr'><strong>duo</strong></span> <span class='ocrx_word' id='word_1_337' title='bbox 2067 2648 2248 2682; x_wconf 85' lang='lat' dir='ltr'><strong>rursus</strong></span> <span class='ocrx_word' id='word_1_338' title='bbox 2270 2630 2485 2700; x_wconf 81' lang='lat' dir='ltr'><strong>vitupe-</strong></span> 
     </span>
     <span class='ocr_line' id='line_1_58' title="bbox 1470 2708 2488 2779; baseline 0.002 -17"><span class='ocrx_word' id='word_1_339' title='bbox 1470 2709 1636 2763; x_wconf 91' lang='lat' dir='ltr'><strong>randa</strong></span> <span class='ocrx_word' id='word_1_340' title='bbox 1661 2720 1785 2764; x_wconf 87' lang='lat' dir='ltr'><strong>sunt</strong></span> <span class='ocrx_word' id='word_1_341' title='bbox 1817 2729 1830 2763; x_wconf 73' lang='grc' dir='ltr'>ε</span> <span class='ocrx_word' id='word_1_342' title='bbox 1853 2708 2086 2779; x_wconf 88' lang='lat' dir='ltr'><strong>primum</strong></span> <span class='ocrx_word' id='word_1_343' title='bbox 2110 2709 2273 2761; x_wconf 89' lang='lat' dir='ltr'><strong>nimia</strong></span> <span class='ocrx_word' id='word_1_344' title='bbox 2308 2708 2488 2779; x_wconf 74' lang='lat' dir='ltr'><strong>longi-</strong></span> 
     </span>
     <span class='ocr_line' id='line_1_59' title="bbox 1470 2785 2486 2864; baseline -0.001 -24"><span class='ocrx_word' id='word_1_345' title='bbox 1470 2786 1601 2841; x_wconf 85' lang='lat' dir='ltr'><strong>tudo</strong></span> <span class='ocrx_word' id='word_1_346' title='bbox 1620 2828 1637 2856; x_wconf 81' lang='lat'>‚</span> <span class='ocrx_word' id='word_1_347' title='bbox 1673 2786 1739 2864; x_wconf 67' lang='lat' dir='ltr'><strong>ad</strong></span> <span class='ocrx_word' id='word_1_348' title='bbox 1772 2805 1932 2856; x_wconf 89' lang='lat' dir='ltr'><strong>quam</strong></span> <span class='ocrx_word' id='word_1_349' title='bbox 1968 2804 2092 2840; x_wconf 87' lang='lat' dir='ltr'><strong>eum</strong></span> <span class='ocrx_word' id='word_1_350' title='bbox 2133 2787 2268 2839; x_wconf 81' lang='lat' dir='ltr'><strong>sorte</strong></span> <span class='ocrx_word' id='word_1_351' title='bbox 2295 2785 2486 2839; x_wconf 87' lang='lat' dir='ltr'><strong>erudi-</strong></span> 
     </span>
     <span class='ocr_line' id='line_1_60' title="bbox 1471 2864 2489 2931; baseline 0.001 -12"><span class='ocrx_word' id='word_1_352' title='bbox 1471 2866 1629 2921; x_wconf 86' lang='lat' dir='ltr'><strong>tionis</strong></span> <span class='ocrx_word' id='word_1_353' title='bbox 1656 2865 1983 2921; x_wconf 62' lang='lat' dir='ltr'><strong>ostentanda</strong></span> <span class='ocrx_word' id='word_1_354' title='bbox 1997 2864 2230 2921; x_wconf 86' lang='lat' dir='ltr'><strong>studium</strong></span> <span class='ocrx_word' id='word_1_355' title='bbox 2255 2864 2489 2931; x_wconf 81' lang='lat' dir='ltr'><strong>seduxit;</strong></span> 
     </span>
     <span class='ocr_line' id='line_1_61' title="bbox 1473 2941 2490 3018; baseline 0.001 -18"><span class='ocrx_word' id='word_1_356' title='bbox 1473 2956 1588 3001; x_wconf 89' lang='lat' dir='ltr'><strong>tum</strong></span> <span class='ocrx_word' id='word_1_357' title='bbox 1613 2948 1879 3018; x_wconf 79' lang='lat' dir='ltr'><strong>neglectus</strong></span> <span class='ocrx_word' id='word_1_358' title='bbox 1899 2966 2081 3001; x_wconf 88' lang='lat' dir='ltr'><strong>rerum</strong></span> <span class='ocrx_word' id='word_1_359' title='bbox 2105 2941 2321 3000; x_wconf 75' lang='lat' dir='ltr'><strong>dilec‘tus</strong></span> <span class='ocrx_word' id='word_1_360' title='bbox 2345 2965 2358 3000; x_wconf 89' lang='lat'>:</span> <span class='ocrx_word' id='word_1_361' title='bbox 2385 2947 2490 3001; x_wconf 85' lang='lat' dir='ltr'><strong>mi·</strong></span> 
     </span>
     <span class='ocr_line' id='line_1_62' title="bbox 1472 3024 2491 3097; baseline 0.002 -18"><span class='ocrx_word' id='word_1_362' title='bbox 1472 3027 1647 3080; x_wconf 89' lang='lat' dir='ltr'><strong>nutias</strong></span> <span class='ocrx_word' id='word_1_363' title='bbox 1670 3027 1813 3080; x_wconf 91' lang='lat' dir='ltr'><strong>enim</strong></span> <span class='ocrx_word' id='word_1_364' title='bbox 1828 3025 2110 3079; x_wconf 86' lang='lat' dir='ltr'><strong>nonnullas</strong></span> <span class='ocrx_word' id='word_1_365' title='bbox 2121 3024 2358 3094; x_wconf 77' lang='lat' dir='ltr'><strong>intexuit,</strong></span> <span class='ocrx_word' id='word_1_366' title='bbox 2375 3046 2491 3097; x_wconf 65' lang='lat' dir='ltr'><strong>qun</strong></span> 
     </span>
     <span class='ocr_line' id='line_1_63' title="bbox 1475 3101 2489 3173; baseline 0.002 -17"><span class='ocrx_word' id='word_1_367' title='bbox 1475 3113 1635 3157; x_wconf 63' lang='lat' dir='ltr'><strong>tante</strong></span> <span class='ocrx_word' id='word_1_368' title='bbox 1654 3104 1957 3158; x_wconf 73' lang='lat' dir='ltr'><strong>calamitatis</strong></span> <span class='ocrx_word' id='word_1_369' title='bbox 1980 3101 2382 3173; x_wconf 79' lang='lat' dir='ltr'><strong>descriptionem</strong></span> <span class='ocrx_word' id='word_1_370' title='bbox 2403 3104 2489 3158; x_wconf 91' lang='lat' dir='ltr'><strong>de·</strong></span> 
     </span>
     <span class='ocr_line' id='line_1_64' title="bbox 1474 3173 2488 3252; baseline 0.001 -16"><span class='ocrx_word' id='word_1_371' title='bbox 1474 3183 1680 3236; x_wconf 85' lang='lat' dir='ltr'><strong>decent.</strong></span> <span class='ocrx_word' id='word_1_372' title='bbox 1708 3173 1882 3236; x_wconf 85' lang='lat' dir='ltr'><strong>Etiam</strong></span> <span class='ocrx_word' id='word_1_373' title='bbox 1899 3182 2121 3251; x_wconf 76' lang='lat' dir='ltr'><strong>iocosius</strong></span> <span class='ocrx_word' id='word_1_374' title='bbox 2140 3183 2380 3252; x_wconf 76' lang='lat' dir='ltr'><strong>quaedam</strong></span> <span class='ocrx_word' id='word_1_375' title='bbox 2397 3194 2488 3237; x_wconf 88' lang='lat' dir='ltr'><strong>aut</strong></span> 
     </span>
     <span class='ocr_line' id='line_1_65' title="bbox 1475 3260 2492 3331; baseline 0.003 -18"><span class='ocrx_word' id='word_1_376' title='bbox 1475 3261 1708 3331; x_wconf 80' lang='lat' dir='ltr'><strong>argutius</strong></span> <span class='ocrx_word' id='word_1_377' title='bbox 1730 3279 1828 3331; x_wconf 91' lang='lat' dir='ltr'><strong>pro</strong></span> <span class='ocrx_word' id='word_1_378' title='bbox 1861 3279 1919 3313; x_wconf 87' lang='lat' dir='ltr'><strong>re</strong></span> <span class='ocrx_word' id='word_1_379' title='bbox 1950 3260 2087 3314; x_wconf 86' lang='lat' dir='ltr'><strong>dicta</strong></span> <span class='ocrx_word' id='word_1_380' title='bbox 2116 3272 2255 3315; x_wconf 85' lang='lat' dir='ltr'><strong>sunt.</strong></span> <span class='ocrx_word' id='word_1_381' title='bbox 2282 3289 2350 3303; x_wconf 90' lang='lat'><strong>·—-</strong></span> <span class='ocrx_word' id='word_1_382' title='bbox 2385 3265 2492 3316; x_wconf 88' lang='lat' dir='ltr'><strong>Oc-</strong></span> 
     </span>
     <span class='ocr_line' id='line_1_66' title="bbox 1477 3338 2499 3408; baseline -0.002 -15"><span class='ocrx_word' id='word_1_383' title='bbox 1477 3346 1635 3405; x_wconf 76' lang='lat' dir='ltr'><strong>cupat</strong></span> <span class='ocrx_word' id='word_1_384' title='bbox 1675 3349 1776 3393; x_wconf 85' lang='lat' dir='ltr'><strong>etc.</strong></span> <span class='ocrx_word' id='word_1_385' title='bbox 1820 3338 1957 3392; x_wconf 78' lang='lat' dir='ltr'><strong>nod.</strong></span> <span class='ocrx_word' id='word_1_386' title='bbox 2006 3340 2111 3392; x_wconf 68' lang='lat' dir='ltr'><strong>nit</strong></span> <span class='ocrx_word' id='word_1_387' title='bbox 2146 3340 2499 3408; x_wconf 53' lang='lat' dir='ltr'><strong>juga-adhibet</strong></span> 
     </span>
     <span class='ocr_line' id='line_1_67' title="bbox 1475 3415 2494 3485; baseline -0.001 -16"><span class='ocrx_word' id='word_1_388' title='bbox 1475 3416 1634 3485; x_wconf 79' lang='lat' dir='ltr'><strong>Krast</strong></span> <span class='ocrx_word' id='word_1_389' title='bbox 1661 3419 1900 3485; x_wconf 60' lang='lat' dir='ltr'><strong>schoehgl</strong></span> <span class='ocrx_word' id='word_1_390' title='bbox 1934 3419 2047 3469; x_wconf 74' lang='lat' dir='ltr'><strong>sich</strong></span> <span class='ocrx_word' id='word_1_391' title='bbox 2074 3416 2229 3484; x_wconf 77' lang='lat' dir='ltr'><strong>jener</strong></span> <span class='ocrx_word' id='word_1_392' title='bbox 2266 3415 2375 3483; x_wconf 67' lang='lat' dir='ltr'><strong>aas</strong></span> <span class='ocrx_word' id='word_1_393' title='bbox 2399 3418 2494 3468; x_wconf 77' lang='lat' dir='ltr'><strong>den</strong></span> 
     </span>
     <span class='ocr_line' id='line_1_68' title="bbox 1491 3495 2494 3565; baseline -0.005 -12"><span class='ocrx_word' id='word_1_394' title='bbox 1491 3498 1687 3564; x_wconf 63' lang='lat' dir='ltr'><strong>Wageu</strong></span> <span class='ocrx_word' id='word_1_395' title='bbox 1711 3517 1727 3549; x_wconf 81' lang='lat'><strong>.-</strong></span> <span class='ocrx_word' id='word_1_396' title='bbox 1751 3514 1867 3565; x_wconf 71' lang='lat' dir='ltr'><strong>quoe</strong></span> <span class='ocrx_word' id='word_1_397' title='bbox 1900 3516 1928 3549; x_wconf 86' lang='lat' dir='ltr'><strong>a</strong></span> <span class='ocrx_word' id='word_1_398' title='bbox 1965 3506 2147 3549; x_wconf 88' lang='lat' dir='ltr'><strong>mente</strong></span> <span class='ocrx_word' id='word_1_399' title='bbox 2188 3506 2243 3549; x_wconf 89' lang='lat' dir='ltr'><strong>et</strong></span> <span class='ocrx_word' id='word_1_400' title='bbox 2278 3495 2494 3549; x_wconf 86' lang='lat' dir='ltr'><strong>consilio</strong></span> 
     </span>
     <span class='ocr_line' id='line_1_69' title="bbox 1476 3573 2493 3644; baseline 0.001 -18"><span class='ocrx_word' id='word_1_401' title='bbox 1476 3584 1646 3644; x_wconf 68' lang='lat' dir='ltr'><strong>poete</strong></span> <span class='ocrx_word' id='word_1_402' title='bbox 1671 3574 1910 3628; x_wconf 85' lang='lat' dir='ltr'><strong>aberrare</strong></span> <span class='ocrx_word' id='word_1_403' title='bbox 1935 3574 2197 3628; x_wconf 78' lang='lat' dir='ltr'><strong>videntur.</strong></span> <span class='ocrx_word' id='word_1_404' title='bbox 2229 3573 2352 3627; x_wconf 87' lang='lat' dir='ltr'><strong>Scio</strong></span> <span class='ocrx_word' id='word_1_405' title='bbox 2375 3574 2493 3644; x_wconf 85' lang='lat' dir='ltr'><strong>qui·</strong></span> 
     </span>
     <span class='ocr_line' id='line_1_70' title="bbox 1478 3653 2496 3722; baseline 0.001 -15"><span class='ocrx_word' id='word_1_406' title='bbox 1478 3653 1601 3708; x_wconf 92' lang='lat' dir='ltr'><strong>dem</strong></span> <span class='ocrx_word' id='word_1_407' title='bbox 1618 3693 1635 3722; x_wconf 83' lang='lat'><strong>,</strong></span> <span class='ocrx_word' id='word_1_408' title='bbox 1667 3674 1850 3710; x_wconf 88' lang='lat' dir='ltr'><strong>currus</strong></span> <span class='ocrx_word' id='word_1_409' title='bbox 1891 3655 2138 3710; x_wconf 84' lang='lat' dir='ltr'><strong>Deorum</strong></span> <span class='ocrx_word' id='word_1_410' title='bbox 2170 3657 2367 3708; x_wconf 78' lang='lat' dir='ltr'><strong>habiles</strong></span> <span class='ocrx_word' id='word_1_411' title='bbox 2399 3655 2496 3708; x_wconf 81' lang='lat' dir='ltr'><strong>in·-</strong></span> 
     </span>
     <span class='ocr_line' id='line_1_71' title="bbox 1480 3732 2496 3802; baseline -0.002 -16"><span class='ocrx_word' id='word_1_412' title='bbox 1480 3732 1690 3788; x_wconf 84' lang='lat' dir='ltr'><strong>terdum</strong></span> <span class='ocrx_word' id='word_1_413' title='bbox 1714 3733 1814 3788; x_wconf 87' lang='lat' dir='ltr'><strong>dici</strong></span> <span class='ocrx_word' id='word_1_414' title='bbox 1832 3775 1848 3802; x_wconf 82' lang='lat'>‚</span> <span class='ocrx_word' id='word_1_415' title='bbox 1871 3744 1926 3789; x_wconf 90' lang='lat' dir='ltr'><strong>et</strong></span> <span class='ocrx_word' id='word_1_416' title='bbox 1949 3738 2082 3787; x_wconf 66' lang='lat' dir='ltr'><strong>leues</strong></span> <span class='ocrx_word' id='word_1_417' title='bbox 2097 3772 2112 3797; x_wconf 89' lang='lat'><em>‚</em></span> <span class='ocrx_word' id='word_1_418' title='bbox 2137 3732 2242 3786; x_wconf 80' lang='lat' dir='ltr'><strong>vid.</strong></span> <span class='ocrx_word' id='word_1_419' title='bbox 2268 3732 2334 3786; x_wconf 88' lang='lat' dir='ltr'><strong>ad</strong></span> <span class='ocrx_word' id='word_1_420' title='bbox 2363 3752 2496 3786; x_wconf 76' lang='lat' dir='ltr'><strong>vers.</strong></span> 
     </span>
     <span class='ocr_line' id='line_1_72' title="bbox 1479 3811 2504 3884; baseline -0.006 -18"><span class='ocrx_word' id='word_1_421' title='bbox 1479 3813 1572 3866; x_wconf 80' lang='lat'><strong>531</strong></span> <span class='ocrx_word' id='word_1_422' title='bbox 1596 3834 1612 3878; x_wconf 70' lang='grc' dir='ltr'><strong><em>ς</em></strong></span> <span class='ocrx_word' id='word_1_423' title='bbox 1637 3812 1728 3867; x_wconf 86' lang='lat' dir='ltr'><strong>sed</strong></span> <span class='ocrx_word' id='word_1_424' title='bbox 1764 3812 1816 3866; x_wconf 81' lang='lat' dir='ltr'><strong>h.</strong></span> <span class='ocrx_word' id='word_1_425' title='bbox 1847 3814 1881 3867; x_wconf 88' lang='lat' dir='ltr'><strong>l.</strong></span> <span class='ocrx_word' id='word_1_426' title='bbox 1912 3814 2072 3884; x_wconf 75' lang='lat' dir='ltr'><strong>junge</strong></span> <span class='ocrx_word' id='word_1_427' title='bbox 2106 3815 2259 3867; x_wconf 67' lang='lat' dir='ltr'><strong>leuem</strong></span> <span class='ocrx_word' id='word_1_428' title='bbox 2277 3811 2504 3878; x_wconf 73' lang='lat' dir='ltr'><strong>J&#39;unnili</strong></span> 
     </span>
     <span class='ocr_line' id='line_1_73' title="bbox 1477 3890 2497 3962; baseline -0.001 -18"><span class='ocrx_word' id='word_1_429' title='bbox 1477 3910 1703 3959; x_wconf 76' lang='lat' dir='ltr'><strong>corpore,</strong></span> <span class='ocrx_word' id='word_1_430' title='bbox 1723 3903 1939 3962; x_wconf 87' lang='lat' dir='ltr'><strong>propter</strong></span> <span class='ocrx_word' id='word_1_431' title='bbox 1958 3890 2188 3962; x_wconf 80' lang='lat' dir='ltr'><strong>juvenile</strong></span> <span class='ocrx_word' id='word_1_432' title='bbox 2213 3908 2415 3959; x_wconf 78' lang='lat' dir='ltr'><strong>corpus-</strong></span> <span class='ocrx_word' id='word_1_433' title='bbox 2431 3913 2497 3927; x_wconf 93' lang='lat'><strong>·-·</strong></span> 
     </span>
     <span class='ocr_line' id='line_1_74' title="bbox 1485 3966 2496 4039; baseline -0.001 -17"><span class='ocrx_word' id='word_1_434' title='bbox 1485 3972 1719 4039; x_wconf 71' lang='lat' dir='ltr'><strong>Occupat</strong></span> <span class='ocrx_word' id='word_1_435' title='bbox 1749 3974 1838 4024; x_wconf 79' lang='lat' dir='ltr'><strong>ille</strong></span> <span class='ocrx_word' id='word_1_436' title='bbox 1872 3974 2023 4025; x_wconf 68' lang='lat' dir='ltr'><strong>leuem</strong></span> <span class='ocrx_word' id='word_1_437' title='bbox 2056 3978 2153 4024; x_wconf 83' lang='lat' dir='ltr'><strong>etc.</strong></span> <span class='ocrx_word' id='word_1_438' title='bbox 2190 3966 2297 4021; x_wconf 79' lang='lat' dir='ltr'><strong>Hic</strong></span> <span class='ocrx_word' id='word_1_439' title='bbox 2319 3981 2496 4018; x_wconf 69' lang='lat' dir='ltr'><strong>versus</strong></span> 
     </span>
     <span class='ocr_line' id='line_1_75' title="bbox 1478 4038 2498 4117; baseline -0.009 -16"><span class='ocrx_word' id='word_1_440' title='bbox 1478 4066 1598 4101; x_wconf 84' lang='lat' dir='ltr'><strong>rara</strong></span> <span class='ocrx_word' id='word_1_441' title='bbox 1632 4047 1771 4117; x_wconf 80' lang='lat' dir='ltr'><strong>apud</strong></span> <span class='ocrx_word' id='word_1_442' title='bbox 1805 4049 2063 4101; x_wconf 81' lang='lat' dir='ltr'><strong>Nostrum</strong></span> <span class='ocrx_word' id='word_1_443' title='bbox 2086 4055 2141 4098; x_wconf 84' lang='lat' dir='ltr'><strong>et</strong></span> <span class='ocrx_word' id='word_1_444' title='bbox 2165 4059 2350 4096; x_wconf 86' lang='lat' dir='ltr'><strong>omnes</strong></span> <span class='ocrx_word' id='word_1_445' title='bbox 2373 4038 2498 4092; x_wconf 80' lang='lat' dir='ltr'><strong>alios</strong></span> 
     </span>
     <span class='ocr_line' id='line_1_76' title="bbox 1478 4115 2497 4194; baseline -0.015 -12"><span class='ocrx_word' id='word_1_446' title='bbox 1478 4136 1659 4194; x_wconf 74' lang='lat' dir='ltr'><strong>poetas</strong></span> <span class='ocrx_word' id='word_1_447' title='bbox 1678 4163 1695 4192; x_wconf 84' lang='lat'><strong>,</strong></span> <span class='ocrx_word' id='word_1_448' title='bbox 1720 4126 1810 4179; x_wconf 87' lang='lat' dir='ltr'><strong>sed</strong></span> <span class='ocrx_word' id='word_1_449' title='bbox 1835 4122 2101 4192; x_wconf 79' lang='lat' dir='ltr'><strong>frequenti</strong></span> <span class='ocrx_word' id='word_1_450' title='bbox 2124 4116 2259 4189; x_wconf 82' lang='lat' dir='ltr'><strong>apud</strong></span> <span class='ocrx_word' id='word_1_451' title='bbox 2287 4115 2497 4171; x_wconf 86' lang='lat' dir='ltr'><strong>Maron.</strong></span> 
     </span>
    </p>
   </div>
  </div>
 </body>
</html>
