2975 4784
649 405 1670 476 METAMORPHOSEON
1728 408 1923 475 LIB.
1975 408 2083 474 11.

2301 409 2424 475 185

314 553 625 649 Dumque
657 547 832 623 feras
865 550 1201 648 sequitur,
1239 549 1396 623 dum
1429 548 1636 622 saltus
1669 546 1853 642 eligit
1885 565 2112 649 aptos,

313 663 797 763 Nexilibusque
829 662 1045 764 plagis
1078 662 1273 738 silvas
1303 663 1811 764 Erymanthidas
1843 664 2090 752 ambit;

315 779 561 853 Incidit
594 781 663 852 in
698 796 1005 864 matrem;
1044 807 1188 879 quae
1220 778 1465 853 restitit
1495 779 1750 854 Arcade
1785 780 1967 868 viso,

198 928 209 933 ·
319 898 409 969 Et
443 892 874 990 cognoscenti
908 893 1141 967 similis
1171 894 1298 969 fuit
1331 925 1347 967 :
1378 891 1490 968 ille
1522 896 1809 992 resugit;

320 1014 772 1111 Immotosque
804 1008 1038 1083 oculos
1066 1008 1137 1082 in
1172 1038 1241 1083 se
1278 1009 1417 1084 sine
1448 1009 1578 1084 fine
1613 1028 1946 1086 tenentem

322 1126 601 1200 Nescius
633 1123 972 1210 extimuit3
1008 1123 1420 1224 propiusque
1452 1125 1754 1212 accedere
1785 1126 2004 1201 aventi

323 1239 655 1314 Vulnifico
689 1239 898 1314 suerat
923 1238 1173 1313 fixurus
1202 1258 1468 1341 pectora
1498 1239 1651 1314 telo.

325 1356 561 1429 Arcuit
595 1356 1046 1456 omnipotens,
1082 1355 1457 1458 pariterque
1486 1358 1805 1459 ipsosque
1836 1355 2152 1456 nefasque

2344 1372 2456 1428 505,

330 1470 617 1545 Sustulit
641 1501 658 1559 3
694 1488 760 1546 et
788 1470 982 1546 celeri
1010 1488 1241 1572 raptos
1267 1501 1389 1572 per
1422 1472 1642 1549 inania
1673 1492 1869 1548 vento

329 1588 662 1688 Imposuit
690 1586 846 1661 caelo
869 1644 889 1675 ‚
925 1588 1269 1687 vicinaque
1303 1587 1519 1663 sidera
1543 1589 1717 1663 fecit.

429 1702 755 1775 Intumuit
784 1704 1000 1790 Juno‚
1036 1721 1390 1803 postquam
1423 1704 1597 1778 inter
1627 1703 1840 1777 sidera
1868 1700 2083 1803 pellex

330 1819 389 1891 F
390 1815 593 1905 ulsit;
628 1835 693 1891 et
724 1817 803 1890 ad
830 1846 1057 1892 canam
1091 1818 1430 1893 descendit
1460 1819 1533 1892 in
1567 1847 1830 1921 aequora
1856 1817 2155 1918 Tethyn,

324 2036 495 2104 serens
507 2040 766 2091 natalibus
779 2057 940 2092 annos
954 2079 968 2101 ,
997 2038 1137 2108 quod
1156 2038 1340 2092 Hein—

340 2115 441 2169 sius
462 2116 659 2182 reiicit,
694 2126 887 2170 utnon
920 2116 1157 2170 latinum.
1192 2118 1342 2170 Bur-

344 2212 567 2246 mannus
600 2204 784 2248 mouet
809 2213 976 2262 gerere
1004 2212 1169 2246 annos
1202 2204 1343 2246 recte

344 2270 443 2324 dici
462 2311 477 2336 ,
509 2290 632 2341 ergo
656 2282 711 2325 et
725 2271 880 2341 livre.
910 2299 976 2312 —-
1019 2271 1197 2325 Lectio
1219 2271 1345 2325 vul·-

343 2358 458 2418 gata
474 2387 488 2414 ,
514 2367 627 2418 quae
644 2359 722 2402 est
751 2347 1011 2402 Codicum
1044 2360 1346 2402 nostrorum

347 2428 537 2481 servari
556 2448 703 2498 posse
724 2427 854 2481 mibi
871 2428 1092 2482 videtur.
1118 2431 1217 2482 Ed.

403 2509 514 2579 499.
550 2509 949 2578 Erymanthidas
973 2548 987 2570 ‚
1058 2505 1348 2560 Arcadicas.

342 2582 702 2656 Erymanthus
724 2584 912 2654 quippe
938 2582 1174 2637 Arcadiae
1198 2601 1351 2636 mons

340 2671 446 2728 est,
482 2661 703 2715 celebris
740 2680 864 2731 apro
899 2680 1060 2730 quem
1094 2660 1348 2714 Hercules

340 2737 501 2791 cedit.
517 2740 619 2790 Ed.
629 2737 877 2790 —Ambe’l
884 2738 1180 2807 exquisitius
1192 2754 1352 2806 quam

340 2818 649 2879 cie-cumdum
673 2814 746 2868 sic
757 2813 839 2867 Vl
852 2854 868 2882 ,
893 2834 978 2869 101
1000 2854 1016 2883 ,
1037 2818 1244 2868 circuire
1254 2832 1353 2884 pro

344 2895 723 2946 arcuada-em.

407 2969 522 3020 503.
545 2970 780 3020 Nescius.
805 2966 938 3021 Vide
960 2979 1143 3022 notam
1157 2966 1223 3020 ad
1240 2968 1352 3039 496.

345 3072 410 3085 —·
443 3048 711 3099 Ettrivem'l.
751 3044 1060 3099 Gebhardus
1083 3064 1113 3099 e
1151 3045 1355 3099 duobus

350 3122 510 3178 MSS.
525 3125 742 3195 protulit
761 3130 997 3187 thiebault,
1015 3127 1164 3194 cuius
1176 3135 1356 3196 tamen

352 3202 495 3255 verbi
535 3204 813 3257 auctoritas
854 3201 1012 3256 dubia
1044 3204 1356 3261 But-manno

349 3290 491 3334 recte
512 3283 738 3337 videtur.
770 3309 838 3323 —
860 3284 1007 3336 Beue
1039 3289 1272 3337 extimuit
1295 3305 1357 3340 ex

346 3361 537 3416 nostris
553 3361 838 3418 Codicibus
860 3362 1051 3433 Regiis.
1073 3391 1141 3405 -
1157 3365 1211 3417 A
1214 3371 1357 3418 venti.

343 3443 532 3503 Arete,
556 3439 783 3494 verbum
808 3440 1049 3494 Lucretio
1073 3442 1321 3496 familiare
1340 3482 1357 3509 ,

344 3528 566 3572 notante
593 3517 817 3570 Heinsio
832 3557 847 3584 ‚
872 3519 1207 3574 Burmannus
1230 3540 1361 3574 con-

342 3596 483 3648 serre
512 3594 668 3664 jubet
699 3594 919 3648 Bentlei.
960 3596 1046 3649 Ad
1081 3598 1267 3650 Horat.
1297 3598 1323 3652 l
1342 3637 1358 3665 ,

347 3672 513 3742 Epist.
538 3688 637 3725 xlv
659 3709 673 3736 ‚
698 3690 748 3742 9.
776 3698 841 3711 -
869 3674 988 3725 Telo
1015 3673 1149 3727 bene
1181 3672 1363 3729 Codex

346 3749 480 3821 Reg.
498 3750 550 3803 A
565 3772 581 3812 ς
595 3747 738 3802 cod.
754 3749 799 3801 B
814 3749 1008 3817 ,serm,·
1029 3772 1058 3805 e
1073 3753 1250 3822 glossa.
1264 3754 1363 3805 Ed.

412 3829 529 3882 506.
564 3831 795 3882 Sustulit.
832 3829 893 3883 In
927 3828 1114 3901 dilogia
1135 3832 1364 3900 positum

345 3914 442 3957 est.
474 3905 679 3974 Rapuit
699 3923 728 3956 e
755 3905 902 3958 terris
922 3911 1061 3972 ipsos
1075 3947 1089 3970 ,
1118 3917 1170 3959 et
1192 3906 1366 3975 prohi-

345 3980 651 4049 buitncfhs,
671 3978 866 4033 cedem
878 3984 1068 4037 matris.
1082 4010 1149 4022 —
1162 3984 1364 4045 Inam'm

348 4076 443 4110 aer
457 4068 514 4112 et
528 4056 784 4112 athen—
795 4060 972 4113 Vt‘cae'w
981 4063 1165 4122 sedem,
1183 4057 1370 4114 Arctos

348 4135 526 4204 major
543 4143 601 4189 et
619 4133 965 4204 Arctophylax
979 4175 993 4203 ,
1018 4136 1082 4192 de
1100 4135 1287 4206 quibus
1305 4135 1370 4188 ad

1436 2059 1567 2094 vers.
1595 2040 1684 2094 132
1701 2052 1756 2096 et
1777 2061 1794 2093 ι
1806 2039 1867 2111 76
1885 2080 1900 2107 ,
1918 2039 2159 2093 vidimus.
2172 2037 2252 2092 Ita
2267 2045 2445 2090 autem

1436 2128 1490 2171 et
1508 2119 1731 2188 Amphis
1747 2116 1881 2188 apud
1904 2118 2102 2188 Hygin.
2120 2124 2173 2168 et
2183 2112 2446 2168 Eratosth.

1437 2215 1548 2265 cap.
1565 2212 1688 2249 vm.
1711 2194 1909 2248 Caeteri
1923 2192 1987 2246 de
2005 2191 2115 2244 filio
2128 2191 2266 2245 inter
2280 2189 2449 2244 sidera

1441 2273 1608 2326 relato
1631 2272 1801 2326 silent.
1887 2313 1900 2319 -

1510 2350 1622 2404 508.
1645 2349 1892 2402 Intumuit
1899 2350 2037 2401 Juno
2050 2356 2149 2401 etc.
2173 2343 2336 2415 Quod
2355 2343 2451 2398 sub

1442 2428 1609 2481 finem
1649 2426 1809 2496 huius
1840 2426 1940 2481 loci
1968 2436 2243 2491 narratur,
2284 2421 2452 2476 sidera

1440 2506 1528 2559 illa
1551 2506 1607 2559 in
1628 2524 1839 2575 equore
1865 2504 2034 2574 tingui
2057 2502 2217 2568 vetita
2232 2520 2341 2554 esse
2358 2538 2374 2565 ,
2398 2499 2451 2552 id

1445 2584 1638 2637 Noster
1666 2584 1730 2637 ab
1768 2581 1992 2652 antiquis
2024 2579 2276 2635 traditum
2312 2595 2456 2630 acce-

1445 2672 1609 2732 perat.
1632 2660 1930 2715 Lactantius
1953 2661 2008 2713 in
2031 2659 2156 2729 Arg.
2184 2676 2198 2710 ι
2218 2658 2272 2710 A
2303 2656 2461 2723 Tetby

1444 2746 1500 2793 e!
1524 2741 1726 2793 Oceano
1746 2757 1847 2791 non
1869 2742 2101 2805 fingitur,
2131 2740 2191 2786 u!
2207 2735 2460 2785 Hesiodus

1444 2821 1654 2873 indic-at.
1692 2815 1945 2873 Similiter
1983 2813 2181 2886 Hygia.
2219 2811 2281 2864 P.
2311 2808 2375 2863 A.
2407 2819 2462 2862 et

1446 2896 1502 2950 in
1536 2896 1769 2949 versibus
1799 2892 2018 2947 Creticis
2043 2888 2178 2960 apud
2212 2885 2461 2940 eumdem

1447 2976 1551 3029 sab.
1581 2995 1688 3045 177.
1719 2969 2012 3042 Quomodo
2036 2978 2212 3022 autem
2240 2964 2461 3021 Ovidius

1449 3052 1552 3106 hoc
1571 3049 1851 3108 tractavit?
1885 3050 2089 3117 Nempe
2112 3045 2214 3098 iter
2235 3044 2272 3096 J
2277 3042 2465 3096 unonis

1451 3130 1603 3185 finxit
1619 3139 1673 3183 et
1687 3128 1981 3182 orationem
2002 3123 2381 3179 acerbissimam
2398 3121 2463 3174 ad

1451 3208 1599 3263 Deos
1628 3206 1891 3266 marinos;
1923 3204 1981 3256 in
2017 3221 2121 3271 quo
2145 3213 2267 3255 ante
2291 3200 2465 3254 oculos

1453 3286 1640 3359 virgil.
1659 3283 1873 3338 AEneid.
1888 3283 1916 3336 Ι
1932 3322 1949 3349 ,
1966 3283 2132 3352 36-75
2150 3281 2356 3348 habuit,
2378 3279 2469 3333 ubi

1455 3365 1604 3420 Juno
1624 3361 1846 3415 AEolum
1871 3358 1981 3413 adit
2002 3358 2168 3412 auxilii
2189 3358 2471 3427 imploran-

1456 3443 1510 3497 di
1535 3461 1718 3508 causa,
1745 3449 1798 3493 et
1821 3436 2035 3492 AEneid.
2063 3434 2176 3489 vll
2194 3474 2209 3500 ,
2241 3454 2335 3507 ²9²
2359 3453 2470 3503 sqq.

1454 3522 1548 3575 ubi
1564 3519 1630 3573 ad
1650 3517 1954 3572 Acheronta
1969 3512 2252 3568 descendit.
2279 3513 2340 3566 In
2362 3526 2474 3566 om·

1455 3600 1613 3652 nibus
1629 3595 1711 3649 his
1735 3594 1857 3648 locis
1880 3591 2074 3647 similes
2097 3591 2321 3660 querelae
2338 3631 2356 3656 ,
2384 3591 2472 3643 ni-

1457 3675 1535 3729 hil
1547 3693 1603 3727 se
1618 3672 1826 3727 efficere
1845 3689 1991 3740 posse
2008 3709 2022 3729 ,
2042 3667 2134 3721 sed
2149 3666 2214 3720 ad
2227 3667 2472 3721 auxilium

1459 3751 1687 3807 aliorum
1712 3745 2140 3818 confugiendum.

1531 3835 1648 3902 ⁵⁰9·
1691 3829 1898 3880 Canum.
1937 3824 2149 3896 Spumis
2165 3863 2180 3890 ,
2222 3842 2324 3876 nec
2369 3840 2480 3875 nou

1461 3917 1618 3961 oetate
1649 3945 1666 3973 ,
1725 3915 1784 3957 ut
1818 3922 1934 3974 qun
1973 3902 2216 3955 omnium
2249 3918 2434 3964 rerum
2466 3933 2482 3960 ‚

1462 3985 1636 4038 immo
1682 3983 1918 4053 ipsorum
1967 3979 2214 4033 Deorum
2267 3985 2437 4027 mater
2467 3994 2482 4034 ς

1467 4061 1619 4117 Iliad.
1646 4065 1685 4114 Ξ
1704 4099 1719 4126 ,
1752 4077 1844 4111 201
1870 4077 1885 4110 ζ
1908 4048 2133 4110 'mamb
2171 4076 2218 4104 τι
2248 4059 2376 4103 Θεῶν
2401 4053 2488 4115 γε’-

1467 4159 1595 4192 νισι-ν
1619 4145 1701 4190 καὶ
1726 4138 1903 4206 pntifex
1927 4132 2096 4190 Τηθύν.
2133 4122 2340 4191 Tethys
2364 4120 2495 4177 Coeli
