2975 4784
497 382 634 452 DE
695 381 1052 451 OPERE
1114 382 2192 457 METAMORPHOSEON.
2338 410 2426 479 29

283 525 467 612 cula,
514 524 734 598 Horas
754 577 775 610 ‚
808 524 983 610 Ver,
1016 524 1378 610 AEstatem‚
1410 523 1862 611 Autumnum,
1893 525 2218 598 Hiemem.
2265 525 2429 598 Alas

284 647 542 726 Daedali
563 705 583 735 ,
616 649 784 722 VIII
804 703 826 736 ,
885 645 1019 747 189
1042 703 1063 736 ‚
1097 646 1387 722 ostendit
1416 648 1617 722 nobis
1655 649 1838 723 suavi
1876 651 2300 725 similitudine
2329 650 2431 724 in-

286 773 649 875 terposita:
701 772 812 847 Sc
846 773 1069 846 mslim
1112 773 1416 873 quondam
1456 773 1715 847 Ft’stula
1752 773 2090 874 diepan'bus
2124 774 2428 875 paulatim

284 895 479 995 surgit
527 894 748 969 aventis.
808 894 914 968 De
956 921 1119 995 apro
1167 893 1534 996 Calydonio
1566 951 1587 984 ‚
1645 897 1817 969 VIII
1842 952 1862 983 ,
1919 895 2184 997 282-97
2214 951 2235 984 ‚
2291 914 2434 970 tum

291 1017 571 1110 338-40
592 1074 612 1105 ,
670 1016 768 1091 nil
798 1036 1118 1093 memorat
1137 1073 1158 1106 ‚
1216 1018 1345 1091 nisi
1378 1018 1562 1119 quod
1592 1019 1677 1092 ad
1722 1017 2076 1093 consilium
2104 1021 2433 1119 pertinet3

287 1145 416 1218 hoc
473 1162 618 1229 est,
681 1142 864 1243 quod
912 1142 1231 1231 declarat,
1300 1171 1498 1242 quam
1550 1142 1882 1216 horrenda
1922 1140 2124 1216 fuerit
2174 1140 2436 1230 bellua,

292 1286 610 1371 quantum
653 1267 961 1342 damnum
996 1264 1301 1373 *attulerit
1338 1268 1517 1362 agris
1539 1322 1560 1352 ,
1615 1284 1683 1339 et
1721 1284 1891 1367 quot
1921 1268 2236 1365 juvenum
2276 1295 2438 1340 con—

290 1421 489 1467 cursu
520 1420 693 1492 opus
714 1389 915 1465 fuerit
939 1390 1029 1464 ‘ad
1054 1419 1195 1465 eam
1227 1388 1700 1464 debellandam.
1753 1390 1884 1463 Sed
1906 1446 1926 1477 ,
1981 1408 2059 1464 nt
2094 1391 2229 1489 jam
2263 1390 2396 1463 dixi
2419 1447 2438 1478 ‚

292 1539 510 1594 tntum
543 1547 799 1593 carmen
834 1516 1160 1618 ejusmodi
1196 1514 1562 1591 luminibus
1610 1515 1998 1590 distinctum
2032 1533 2175 1603 est,
2225 1543 2440 1616 neque

289 1644 457 1718 adeo
492 1659 631 1728 est,
665 1642 843 1742 quod
874 1640 1069 1742 plura
1094 1639 1227 1738 jam
1259 1666 1646 1713 recenseam.

383 1767 614 1842 Etiam
643 1765 711 1839 in
736 1765 1065 1866 adfectibus
1095 1764 1334 1839 mentis
1367 1766 1671 1840 humanae
1692 1822 1712 1852 ,
1763 1783 1896 1841 tam
1929 1766 2224 1842 motibus
2257 1785 2438 1841 tene-

292 1893 383 1966 ris
399 1947 420 1980 ,
458 1919 661 1992 quam
690 1886 1287 1963 vehementioribus
1309 1888 1922 1990 perturbationibus
1947 1889 2230 1965 notandis
2255 1917 2440 1986 egre-

296 2016 440 2111 gius
488 2013 725 2088 artifex
770 2015 1019 2087 Noster
1059 2011 1404 2113 reperitur.
1461 2013 1783 2087 Paternus
1829 2010 2122 2087 adfectus
2168 2012 2397 2112 paucis
2416 2068 2436 2097 ,

299 2138 611 2213 sedbene
633 2193 654 2226 ,
679 2139 885 2225 VIII,
924 2161 1105 2225 210,
1140 2135 1548 2235 descriptus,

468 2329 632 2389 Inter
661 2349 803 2410 opus
830 2329 1198 2408 monitusque
1224 2347 1386 2412 genoe
1409 2324 1674 2386 maduere
1701 2323 1905 2386 seniles

459 2434 544 2494 Et
570 2433 765 2515 patriae
790 2444 1073 2494 tremuere
1097 2454 1329 2508 manus,

295 2603 670 2703 copiosius,
694 2605 796 2692 ll,
823 2629 1052 2705 91-99
1071 2660 1091 2691 ,
1119 2603 1191 2676 in
1210 2601 1468 2677 Pboebo
1488 2657 1509 2690 ,
1535 2599 1889 2702 dopq'gnora
1914 2614 2114 2684 certa,
2150 2615 2309 2686 etc.;
2341 2614 2407 2669 et
2420 2618 2448 2685 ,·

292 2730 389 2801 Vl
409 2784 429 2815 ,
480 2726 709 2827 496-5
724 2755 845 2817 ιο,
877 2729 945 2802 in
974 2728 1313 2803 Pandione
1343 2754 1499 2801 sene
1522 2725 1722 2801 filiam
1755 2724 2144 2798 dimittente.
2194 2724 2443 2797 Mater-

294 2881 457 2925 num
485 2850 782 2925 animum
822 2906 843 2939 ‚
904 2853 1005 2924 IX
1036 2907 1056 2940 ,
1115 2848 1385 2952 375-81
1420 2906 1440 2939 ,
1504 2849 1760 2947 egregie
1795 2846 2036 2921 exserit
2069 2846 2338 2946 Dryope
2375 2845 2446 2919 in

297 2977 511 3053 lotum
561 2978 885 3053 transiens
903 3035 923 3067 ,
980 2964 1429 3053 sollieitudine
1484 2976 1577 3049 ‚de
1631 2972 1754 3047 filii
1806 2970 2190 3045 educatione
2250 2988 2445 3072 atque

300 3101 528 3177 salute.
580 3105 900 3178 Mutuum
932 3101 1188 3202 juvenis
1232 3099 1602 3202 puellaeque
1627 3154 1648 3187 ,
1697 3096 1880 3172 taedae
1919 3095 2066 3194 jure
2097 3095 2286 3194 jungi
2332 3125 2445 3170 cu-

298 3219 664 3319 pientium,
707 3247 995 3293 amorem
1031 3219 1201 3292 bene
1243 3216 1561 3291 describit
1599 3211 1866 3314 Pyrami
1911 3229 1977 3284 et
2013 3211 2298 3284 Thisbes
2345 3209 2447 3285 sa·-

298 3341 480 3417 bula.
536 3342 1147 3442 Flagrantissimum
1191 3340 1417 3415 uxoris
1462 3340 1534 3413 in
1583 3337 1894 3411 maritum
1945 3365 2233 3412 amorem
2281 3335 2443 3410 Hal-

296 3495 504 3568 cyone
530 3469 866 3544 verissime
892 3467 1121 3556 refert,
1156 3470 1299 3554 XI;
1334 3465 1457 3539 ubi
1495 3463 1804 3538 maritum
1834 3461 2276 3537 discessurum
2305 3487 2445 3535 esse

298 3594 625 3695 comperit
644 3651 664 3684 ,
703 3592 973 3688 416-43
991 3650 1011 3682 ,
1040 3612 1108 3666 et
1130 3593 1196 3665 in
1222 3592 1513 3666 discessu
1536 3588 1683 3690 ipso
1704 3644 1724 3676 ,
1757 3587 1900 3680 464
1925 3617 2108 3688 sqq.,
2141 3586 2448 3684 idemque

294 3717 421 3791 illo
453 3719 723 3792 absente
753 3719 987 3793 transit
1009 3718 1300 3820 primum
1321 3715 1391 3789 in
1424 3713 1854 3801 desiderium,
1893 3711 2157 3814 573·81
2203 3742 2219 3786 ε
2254 3739 2444 3795 mox,

294 3843 419 3917 ubi
455 3844 538 3918 de
579 3845 767 3919 obitu
800 3845 941 3946 ejus
966 3842 1222 3918 somnio
1247 3840 1499 3915 monita
1533 3858 1670 3929 est,
1707 3840 1776 3913 in
1810 3839 2266 3936 gravissimum
2295 3834 2444 3907 luc-

296 3984 443 4042 tum
469 3967 803 4070 678-709
822 4025 844 4059 ,
869 3988 936 4043 et
951 3968 1072 4043 ubi
1097 3996 1340 4069 corpus
1363 3966 1504 4067 ejus
1526 3984 1758 4041 natans
1784 3964 2112 4065 prospicit
2135 3991 2171 4064 7
2190 3961 2274 4035 16
2297 3985 2442 4057 sqq.

294 4093 531 4168 Mariti
585 4094 657 4167 in
706 4095 1052 4191 conjugem
1099 4091 1386 4170 animum
1434 4121 1574 4169 uon
1615 4090 1781 4167 male
1832 4087 2142 4189 exprimit
2185 4087 2448 4159 Deuca-
