2975 4784
561 373 692 458 204

1114 375 1195 437 P.
1254 371 1602 441 OVIDII
1662 365 2111 438 NASONIS
2164 312 2168 315 >

563 545 600 576 «
639 512 856 583 Tutus
891 534 1034 596 eas3
1062 507 1234 609 lapis
1268 509 1393 583 iste
1426 509 1619 610 prius
1650 525 1763 581 tua
1793 507 1969 581 furta
2003 505 2338 606 loquatur.
2369 539 2403 570 n

556 629 655 701 Et
687 623 973 726 lapidem
1010 624 1303 698 ostendit
1340 655 1356 697 τ
1392 622 1658 697 simulat
1690 624 1859 697 Jove
1893 639 2096 696 natus
2121 621 2322 694 abire.

558 744 725 815 Mox
762 741 931 814 redit
961 771 975 813 ε
1010 759 1104 828 et,
1142 770 1325 815 versa
1358 741 1609 842 pariter
1643 768 1790 813 cum
1827 767 1984 813 voce
2018 739 2266 833 figura,

567 893 601 924 «
642 860 952 946 Rustice,
990 859 1213 932 vidisti
1242 859 1299 931 si
1333 885 1498 957 quas
1522 857 1654 930 hoc
1684 854 1926 943 limite,
1966 854 2164 941 dixit,

565 1007 602 1040 n
642 979 744 1048 lre
779 975 1021 1062 bovem,
1058 973 1156 1048 fer
1193 1002 1388 1073 opem
1420 972 1734 1072 furtoque
1767 970 2027 1044 silentia
2060 970 2293 1045 deme:

2587 1005 2682 1057 700

564 1131 602 1165 »
639 1099 884 1172 Juncta
915 1125 1038 1171 suo
1074 1095 1362 1197 pretium
1394 1094 1665 1168 dabitur
1696 1093 1822 1166 tibi
1856 1092 2100 1166 femina
2133 1108 2343 1164 tauro.
2381 1121 2419 1155 »

557 1223 653 1295 Αἱ
682 1221 935 1308 senior,
973 1236 1327 1321 postquam
1356 1246 1604 1292 merces
1641 1218 2006 1313 geminata,
2052 1248 2086 1280 «
2119 1215 2261 1310 Sub
2294 1212 2431 1286 illis

564 1377 600 1410 »
644 1345 1036 1430 Montibus,
1073 1343 1326 1443 inquit,
1361 1359 1598 1416 erunt:
1633 1375 1668 1406 »
1701 1358 1766 1414 et
1791 1357 1977 1413 erant
2002 1339 2128 1412 sub
2158 1331 2507 1410 aientibus
2532 1333 2681 1408 illis.

559 1467 741 1540 Risit
771 1464 1220 1552 Atlantiades3
1256 1481 1360 1552 et,
1401 1497 1436 1529 «
1474 1465 1591 1536 Me
1623 1461 1831 1550 mihi,
1869 1459 2154 1563 perfide,
2186 1458 2468 1561 prodis?

566 1624 601 1655 ι)
641 1591 756 1663 Me
791 1589 957 1662 mihi
990 1588 1275 1690 prodis?
1306 1621 1341 1654 >›
1377 1587 1500 1676 ait3
1533 1586 1930 1686 periuraque
1965 1600 2235 1685 pectora
2268 1580 2474 1653 vertit

560 1793 805 1844 Homero
824 1831 840 1858 ,
882 1791 1005 1844 ibid.
1043 1810 1107 1863 9²
1147 1810 1161 1845 t
1208 1798 1320 1846 {cmv
1353 1800 1420 1859 μὴ
1465 1796 1576 1845 ὶδῖὼν

562 1878 678 1925 εἶναι
698 1911 714 1938 ,
745 1879 825 1925 καὶ
839 1875 983 1939 κωφὸς
999 1872 1192 1931 ἀκούσας
1208 1909 1223 1937 ,
1249 1879 1329 1925 καὶ
1346 1878 1496 1938 σιγᾶν.
1508 1863 1578 1910 Ᾰ-

559 1952 719 2002 Facto
735 1989 749 2012 ,
766 1947 993 2018 negotio.
1013 1950 1334 2000 -Ne’lidam
1354 1946 1489 2000 Vide
1510 1946 1577 1999 ad

557 2027 587 2080 Ι
606 2065 622 2092 ,
655 2024 771 2078 fuo.
793 2024 953 2095 Apud
981 2025 1238 2078 Antonin.
1272 2024 1528 2079 chlaenam
1554 2061 1571 2092 ,

557 2103 749 2158 silentii
772 2102 1075 2157 mercedem
1092 2141 1107 2169 ,
1137 2102 1336 2171 accipit.

624 2181 739 2253 696.
770 2183 931 2234 Tutus
946 2222 960 2246 ‚
987 2199 1228 2247 securus,
1255 2198 1366 2232 non
1389 2178 1583 2233 sollici-

560 2270 660 2313 tus·
677 2287 745 2300 ·-
758 2261 1030 2328 Loquetur.
1048 2257 1272 2312 Codices
1288 2257 1455 2311 nostri
1471 2257 1584 2310 Re-

561 2338 631 2408 gii
646 2377 661 2405 ,
685 2342 923 2408 loquetur.
940 2368 1007 2379 —
1021 2339 1100 2392 Ex
1114 2358 1236 2392 voce
1246 2356 1359 2391 non
1375 2355 1496 2390 raro
1509 2337 1583 2390 sa-

564 2415 712 2468 cilius
743 2416 1068 2484 agnoscimus
1092 2415 1337 2468 homines
1360 2454 1374 2481 ,
1423 2432 1584 2483 quam

564 2513 626 2546 cx
662 2492 845 2563 figura.
878 2522 947 2534 —
971 2496 1187 2547 Silentia
1218 2496 1384 2555 deme,
1410 2490 1584 2544 indica

559 2572 765 2624 furtum
784 2572 1062 2625 occultum.
1088 2596 1156 2610 —·
1175 2573 1396 2624 Pretium
1409 2609 1423 2631 ‚
1448 2586 1587 2638 prae-

563 2649 735 2702 mium
759 2668 772 2701 z
797 2635 917 2701 vide
943 2649 1238 2701 Burmann.
1276 2646 1341 2699 ad
1375 2644 1584 2700 Phaedr.

563 2727 625 2792 I,
655 2742 792 2794 Vlu,
825 2747 844 2778 ι
872 2765 888 2793 ,
913 2737 968 2779 et
992 2726 1179 2779 Heius.
1199 2724 1263 2777 ad
1283 2725 1337 2778 h.
1357 2724 1390 2777 l.
1414 2728 1584 2777 —Fe-

564 2808 727 2866 mina,
761 2822 927 2857 vacca.
965 2803 1168 2856 Seneca
1188 2840 1204 2868 ‚
1232 2801 1420 2871 Agam.
1447 2804 1577 2867 354,

565 2883 756 2950 conjux
770 2885 920 2935 [σπη’.
945 2879 1149 2934 Contra
1163 2885 1246 2932 vir
1260 2879 1327 2933 de
1349 2899 1509 2949 capro
1530 2890 1586 2933 et

460 2983 465 2989 -
566 2957 1216 3024 taur0;v;‹1eaa1,oe0.

633 3037 745 3103 703.
770 3038 918 3090 Sub...
939 3039 1234 3088 montibus...
1247 3042 1407 3087 erun!-
1430 3034 1586 3103 Regii

565 3114 734 3166 nostri
752 3115 802 3167 A
821 3126 873 3168 et
898 3116 943 3170 B
969 3114 1161 3167 habent
1186 3120 1343 3167 erant.
1364 3140 1433 3155 —·
1447 3111 1585 3166 Rod.

564 3201 814 3259 sequutus
850 3203 928 3246 est
958 3203 1194 3246 veterem
1219 3192 1333 3246 lect.
1357 3194 1451 3244 sub
1475 3194 1587 3244 illis

568 3268 856 3330 Montibus,
889 3275 1054 3339 e’nquil
1063 3311 1077 3333 ‚
1109 3277 1254 3333 eunt,
1280 3277 1334 3323 e!
1353 3275 1475 3321 eun!
1491 3270 1586 3320 sub

565 3363 632 3395 m.
653 3349 726 3409 e'.‚·
748 3356 1020 3415 putatque,
1039 3367 1163 3401 cum
1178 3347 1443 3402 Glareano
1459 3386 1475 3414 ,
1499 3365 1591 3398 re-

570 3421 820 3489 petitione
846 3422 932 3475 illa
954 3424 1095 3476 Batti
1126 3425 1463 3495 battologiam
1493 3443 1586 3478 ex-

572 3515 805 3563 pressam
820 3518 929 3552 esse
943 3537 959 3565 ,
985 3510 1040 3552 et
1053 3500 1384 3554 Mercurium
1401 3540 1417 3568 ,
1443 3509 1504 3553 ut
1522 3499 1590 3552 il-

570 3572 677 3626 lam
700 3575 978 3640 irrideret,
1015 3588 1069 3630 et
1097 3577 1268 3646 ipsum
1295 3580 1453 3632 verba
1469 3617 1485 3645 ,
1512 3597 1590 3630 me

572 3653 702 3701 nihi
721 3657 901 3717 prode}
923 3656 954 3706 Ρ
1003 3654 1282 3723 repetiisse.
1334 3656 1542 3708 Mirum
1573 3656 1586 3707 !

577 3727 765 3796 Quum
783 3732 967 3785 Battus
986 3731 1217 3799 dixisset,
1229 3739 1323 3788 sub
1339 3737 1417 3802 (in
1430 3775 1445 3803 ,
1463 3755 1591 3805 pro-

575 3805 662 3873 pe)
676 3810 926 3859 monibus
937 3814 1102 3869 emal,
1124 3807 1427 3863 addendum
1444 3824 1557 3867 erat
1571 3854 1587 3881 ,

574 3879 727 3934 fuisse
762 3880 833 3933 ibi
853 3919 869 3947 ,
906 3902 1007 3935 nec
1037 3884 1255 3936 Battum
1287 3886 1589 3955 imposuisse

574 3956 864 4011 Mercurio.
914 3954 1092 4011 Verba
1132 3969 1310 4011 autem
1350 3981 1428 4014 nee
1468 3967 1599 4016 mihi

565 4040 741 4105 pmdis
784 4039 804 4104 (
821 4037 878 4090 in
914 4036 1100 4106 quibus
1136 4038 1315 4093 similis
1351 4040 1494 4095 lusus
1532 4063 1591 4099 ac

576 4116 702 4183 4303
732 4116 793 4184 1,
817 4114 950 4183 6413
978 4117 1094 4184 vl,
1127 4117 1247 4183 365)
1276 4118 1502 4188 graviter
1538 4132 1593 4175 et

2595 1600 2687 1669 705

1673 1813 1794 1848 cum
1825 1793 1875 1845 vi
1915 1802 2231 1861 repetuntur
2258 1829 2273 1857 ,
2328 1800 2391 1843 ut
2428 1788 2683 1852 solemus,

1675 1891 1839 1940 quum
1859 1871 2012 1924 alicui
2033 1887 2281 1939 magnam
2302 1869 2572 1922 stultitiam
2597 1885 2686 1918 ex-

1676 1950 2000 2019 probramus.
2023 1975 2090 1988 —
2115 1949 2280 1999 Erunt
2295 1964 2312 1998 .·
2334 1953 2391 1998 e!
2404 1951 2558 1998 etant.
2587 1942 2682 1996 ΑΙ-

1676 2025 1850 2078 lusum
1872 2024 2057 2077 volunt
2076 2022 2141 2076 ad
2162 2023 2381 2076 Battum
2407 2019 2688 2090 quemdam

1674 2104 1916 2175 ineptum
1953 2114 2164 2173 poetam
2184 2141 2200 2167 ‚
2249 2102 2337 2171 qui
2375 2102 2433 2155 iu
2463 2099 2691 2153 versibus

1674 2183 1780 2237 suis
1805 2181 1990 2236 eadem
2013 2180 2306 2235 identidem
2330 2180 2524 2240 iterare
2548 2178 2689 2231 sole-

1676 2261 1779 2314 bat.
1815 2260 2033 2314 Battum
2057 2258 2242 2312 eadem
2268 2258 2429 2310 verba
2451 2257 2693 2310 tituban-

1679 2346 1762 2389 ter
1777 2347 2107 2406 repetentem
2132 2333 2539 2388 deridetitidem
2557 2334 2697 2386 Mer·

1676 2414 1885 2478 cun-iun
1918 2414 2039 2468 vide
2063 2412 2272 2467 Erasmi
2296 2411 2444 2482 adag.
2466 2420 2696 2481 βαι-τελε-

1679 2501 1763 2561 γία
1784 2504 1838 2546 et
1860 2503 2171 2569 βαπκρίζειν.
2197 2493 2298 2546 Ed.

1746 2576 1859 2640 705.
1879 2572 2107 2638 Perjura,
2123 2570 2341 2641 perfida.
2357 2568 2523 2638 Apud
2539 2569 2704 2621 Anto-

1680 2653 1871 2706 ninum
1896 2653 2081 2707 Battus
2106 2652 2364 2707 Mercurii
2381 2650 2571 2704 baculo
2597 2662 2706 2704 tat-

1682 2738 1765 2784 tus
1787 2730 1842 2783 in
1872 2729 2097 2799 lapidem
2116 2740 2383 2795 mutatur,
2410 2746 2574 2797 quem
2596 2746 2707 2779 ne-

1682 2829 1784 2878 que
1803 2819 1957 2863 aestus
1980 2827 2156 2877 neque
2175 2808 2338 2876 frigus
2360 2806 2608 2867 deseram
2633 2804 2708 2857 lo·

1680 2907 1906 2957 cusque,
1931 2886 2021 2940 ubi
2043 2906 2129 2940 res
2151 2885 2372 2952 accidit,
2399 2886 2576 2938 Boin-rw
2601 2908 2710 2938 cxc-

1680 2971 1768 3022 aeaee't
1798 2977 2030 3020 vocatur.
2069 2994 2137 3006 -
2163 2967 2303 3019 Siles-
2334 2964 2504 3033 poetis
2529 2963 2707 3015 omnis

1679 3044 1808 3114 lapis
1824 3084 1840 3111 ,
1878 3054 1931 3097 et
1954 3048 2110 3097 dutus
2141 3052 2220 3097 est
2242 3041 2516 3111 epitheton
2539 3060 2706 3094 com-

1682 3141 1846 3175 mune
1868 3121 2119 3191 lapidum.
2148 3120 2294 3173 Hinc
2312 3159 2328 3185 ,
2359 3119 2453 3172 831
2472 3157 2489 3186 ,
2514 3122 2706 3172 luns-

1682 3220 1790 3254 cem
1806 3240 1822 3267 ,
1862 3201 1917 3254 in
1957 3200 2185 3270 lapidem
2222 3198 2433 3252 mutari.
2475 3200 2707 3253 Inda-en

1681 3286 1873 3349 putant
1908 3296 2017 3331 esse
2049 3275 2276 3346 lapidem
2313 3274 2547 3347 Lydium
2570 3314 2590 3341 ‚
2621 3275 2708 3344 qui

1684 3373 1875 3408 aurum
1907 3353 2137 3423 explorat
2154 3391 2170 3418 ,
2193 3351 2392 3405 indicat
2409 3351 2529 3418 eius
2553 3351 2713 3404 boni-

1684 3442 1864 3485 tatem.
1903 3431 1980 3483 At
2012 3430 2155 3483 nulla
2181 3429 2494 3483 auctoritate
2529 3426 2715 3482 doceri

1684 3519 1857 3578 potest
1873 3548 1889 3574 ,
1922 3510 2141 3561 &labem
2164 3509 2237 3561 sic
2267 3506 2472 3560 dictum
2507 3506 2718 3559 Roma-

1685 3585 1801 3651 nis,
1831 3596 1919 3651 et,
1953 3583 1995 3638 si
2037 3583 2205 3639 dictus
2243 3593 2377 3637 esset
2403 3622 2419 3650 ,
2449 3581 2606 3635 nulla
2628 3588 2718 3635 in-

1671 3663 1848 3732 famia
1863 3663 1910 3716 ei
1927 3663 2136 3716 inesset.
2152 3662 2391 3715 Lactant.
2411 3662 2470 3714 in
2488 3661 2722 3732 Argum.

1687 3741 1780 3811 qui
1810 3740 2085 3794 interdum
2107 3739 2324 3794 eosdem
2353 3778 2370 3806 ,
2411 3757 2548 3808 quos
2575 3738 2726 3794 Ovi-

1687 3817 1803 3871 dius
1812 3829 2065 3886 sequutus
2075 3828 2420 3883 est,auctores
2432 3816 2728 3880 consuluit,

1687 3893 1845 3947 babet
1869 3911 1883 3947 ε
1904 3896 1967 3947 In
1986 3898 2203 3962 lapeuen
2225 3914 2337 3947 eum
2364 3899 2613 3956 nutavit,
2641 3896 2736 3961 qni

1685 3974 1754 4024 ab
1772 3978 1947 4025 eventu
1962 3975 2125 4026 Index
2139 3979 2279 4025 ctrcae
2295 3975 2483 4043 Pylum
2497 3979 2731 4025 meatur.

1690 4048 1797 4102 Hic
1826 4067 1935 4102 non
1975 4069 2141 4121 genus
2173 4049 2444 4119 quoddam
2478 4049 2726 4119 lapidum

1687 4124 1854 4179 intell.
1870 4166 1886 4192 ,
1909 4127 2003 4181 sed
2022 4147 2161 4182 unus
2179 4127 2266 4182 ille
2290 4127 2446 4197 lapis,
2473 4128 2534 4180 in
2552 4145 2725 4198 quem
