2975 4784
661 389 1679 458 METAMORPHOSEON
1735 392 1905 458 LIB.
1953 394 2090 461 Vl.

2307 390 2441 484 459

335 528 516 629 Saepe
552 554 780 601 sorore
807 554 923 601 sua
943 583 962 615 ,
1000 527 1255 622 magnis
1288 554 1489 628 super
1520 527 1738 601 omnia
1771 528 1977 601 Divis,

334 641 455 715 Illa
490 642 749 730 tremit;
782 642 965 717 velut
991 672 1161 739 agna
1184 670 1462 744 pavens,
1501 671 1647 743 quae
1680 642 1898 717 saucia
1932 645 2078 718 cani

338 759 474 834 Ore
508 787 777 835 excussa
808 757 995 860 lupi,
1029 758 1328 833 nondum
1362 758 1495 832 sibi
1532 775 1675 832 tuta
1710 757 2010 832 videtur:

335 875 561 975 thue
595 873 904 948 columba
924 929 944 961 ,
981 901 1105 947 suo
1138 872 1519 951 madefactis
1552 873 1869 970 sanguine
1900 872 2182 974 plumi8‚

334 990 585 1063 Horret
610 988 858 1077 adhuc,
886 988 1244 1090 avidosque
1273 988 1460 1063 timet
1477 988 2015 1090 quibushaeserat
2039 1016 2131 1063 un
2143 1014 2320 1083 gues.
2354 1007 2451 1063 530

335 1107 507 1180 Mox
534 1104 652 1178 ubi
687 1132 872 1179 mens
905 1104 1138 1192 rediit,
1175 1132 1406 1207 passos
1446 1104 1688 1180 laniata
1723 1104 2033 1206 capillos,

334 1220 623 1317 Lugenti
653 1219 886 1295 similis
908 1276 928 1309 ,
967 1221 1147 1295 caesis
1179 1219 1504 1322 plangore
1537 1219 1800 1294 lacertis
1820 1275 1839 1308 ‚

339 1337 699 1413 Intendens
729 1335 978 1439 palmas
1008 1367 1024 1410 ε
1060 1369 1097 1403 «
1127 1337 1261 1411 Pro
1293 1335 1494 1425 (liris,
1528 1336 1806 1410 barbare
1826 1391 1845 1422 ‚
1881 1333 2073 1409 factis
2092 1392 2111 1423 ‚

344 1488 379 1521 ι»
419 1456 551 1529 Pro
585 1453 868 1529 crudelis
888 1511 909 1542 ‚
938 1454 1032 1529 ait
1049 1450 1080 1528 !'
1100 1480 1221 1528 nec
1255 1471 1319 1528 te
1346 1451 1652 1528 mandata
1680 1452 1975 1554 parentis

341 1605 379 1636 >²
424 1571 591 1644 Cum
623 1569 924 1672 lacrymis
959 1598 1219 1645 movere
1250 1569 1383 1670 piis
1405 1624 1425 1657 ‚
1460 1596 1583 1642 nec
1612 1596 1769 1642 cura
1802 1566 2087 1652 sororis,
2363 1588 2457 1640 535

344 1720 381 1751 >>
419 1688 558 1762 Nec
583 1715 726 1761 mea
759 1686 1102 1783 virginitas
1123 1743 1143 1774 ‚
1171 1713 1293 1760 nec
1328 1683 1724 1784 conjugialia
1751 1683 1946 1783 jura?

345 1836 381 1867 »
424 1802 668 1875 Omnia
703 1802 986 1877 turbasti
1014 1833 1030 1875 ε
1060 1800 1276 1903 pellex
1306 1828 1432 1896 ego
1463 1800 1635 1874 sacta
1669 1799 1954 1887 sororis3

343 1957 380 1988 »
419 1925 527 1999 Tu
557 1925 858 2020 geminus
890 1924 1129 2023 conjux
1147 1979 1166 2013 ‚
1195 1952 1336 1998 non
1364 1923 1504 1997 haec
1539 1922 1705 1996 mihi
1735 1922 1959 1998 debita
1991 1948 2206 2021 poena.

346 2080 381 2111 »
424 2047 613 2142 Quin
640 2047 918 2120 animam
931 2038 1135 2134 lianc,
1152 2074 1235 2120 ne
1256 2046 1436 2146 quod
1455 2044 1711 2119 facinus
1738 2045 1894 2131 tibi,
1920 2042 2199 2144 perfide,
2226 2059 2456 2125 restet,

344 2201 381 2233 »
418 2169 696 2269 Eripis?
725 2187 924 2270 atque
956 2170 1210 2244 utinam
1243 2170 1511 2244 fecisses
1545 2187 1696 2244 ante
1730 2167 2051 2244 nefandos
2092 2246 2093 2249 ,

2359 2188 2457 2258 540

346 2323 382 2355 »
425 2289 874 2364 Concubitus!
908 2318 1144 2365 vacuas
1175 2291 1558 2366 habuissem
1588 2291 1880 2365 criminis
1913 2290 2201 2366 umbras.

340 2527 501 2574 nem,
535 2517 591 2561 et
626 2508 820 2573 solam,
845 2518 902 2562 et
930 2508 1025 2562 sibi
1062 2507 1349 2576 creditam,

341 2594 395 2637 et
428 2594 632 2654 patrem
653 2624 669 2652 ‚
705 2603 976 2653 sororem,
1022 2596 1079 2639 et
1112 2585 1352 2655 inprimis

340 2662 485 2717 Deos
504 2663 876 2733 implorantem
895 2704 911 2732 ,
941 2664 1150 2719 violare.
1188 2667 1289 2719 Ed.

405 2744 516 2809 527.
548 2745 696 2796 Velut
716 2763 852 2810 agna
869 2762 1088 2811 pavens,
1121 2754 1219 2799 etc.
1253 2743 1353 2797 si-

341 2818 661 2873 militudines
685 2819 913 2875 delecte.
936 2848 1004 2861 —
1028 2823 1175 2876 Cani.
1211 2819 1350 2874 Vide

343 2896 408 2949 ad
433 2898 458 2950 1
477 2936 492 2963 ,
531 2898 642 2950 238.

408 2976 522 3027 532.
556 2976 779 3042 lugenti
797 3012 858 3029 ....
882 2980 1085 3030 lacerta&
1098 3017 1112 3041 ,
1147 2978 1356 3048 ineptus

342 3068 550 3117 versus,
581 3069 740 3119 quem
767 3052 1016 3108 Heinsius
1035 3063 1177 3108 recte
1200 3054 1355 3122 iudi-

340 3138 424 3183 cat
459 3126 849 3192 adulterinum
883 3129 975 3183 sed
1000 3150 1112 3200 sqq.
1152 3134 1255 3186 ΡΜ
1274 3137 1357 3186 di-

341 3211 441 3270 νὴ,
479 3217 577 3260 etc.
598 3225 724 3261 sana
752 3217 895 3277 puto.
922 3208 1181 3262 Invidiose
1207 3210 1353 3263 enim

341 3287 550 3337 barbas-i
559 3284 868 3338 vocabulum
880 3283 964 3339 hic
975 3284 1264 3338 adhibitum
1280 3305 1355 3339 es·

342 3380 417 3427 se,
430 3373 615 3432 sponte
629 3373 857 3432 apparet.
874 3362 1040 3417 Recte
1057 3361 1216 3432 igitur
1234 3361 1356 3414 addi

341 3439 512 3506 potuit
532 3442 658 3492 dms
668 3438 853 3506 sac-1125.
885 3438 1138 3493 Heinsius
1173 3448 1353 3491 tamen

341 3514 587 3569 suadebat
609 3517 877 3585 din‘sacti.

410 3592 521 3660 537.
560 3594 823 3655 Turboni,
851 3593 1084 3658 violasti,
1111 3592 1354 3662 polluisti.

343 3664 466 3718 vid.
484 3668 565 3721 vir
582 3666 763 3724 doctus
776 3670 828 3724 in
843 3670 982 3725 Bibl.
1000 3669 1182 3739 Tigur.
1197 3689 1249 3739 p.
1264 3690 1350 3742 91,

346 3741 436 3810 qui
456 3754 601 3812 putat
624 3746 879 3800 Nostrum
901 3746 1178 3815 respexisse
1208 3746 1352 3817 Virg.

346 3819 557 3872 AEneid.
593 3822 706 3890 lv,
732 3824 827 3876 362
855 3842 966 3893 sqq.
987 3848 1054 3864 -
1079 3823 1220 3878 Cum
1249 3844 1355 3892 ge·-

343 3904 476 3952 mbo
490 3901 700 3968 conjuge
716 3902 966 3956 Heinsius
983 3913 1251 3972 comparat
1267 3906 1354 3956 du·

335 3981 498 4044 ple'ces
527 3980 779 4032 thalamos
803 4017 819 4047 ,
856 3978 995 4050 apud
1018 3980 1151 4035 Stat.
1183 3981 1350 4036 Theb.

347 4055 455 4110 ΧΠ
474 4094 491 4123 ,
514 4058 604 4127 47ι
629 4056 862 4120 neella-1.
884 4058 942 4111 in
954 4078 1159 4113 summa
1174 4059 1352 4131 despe-

346 4135 544 4190 ratione
548 4135 573 4203 j
581 4146 696 4189 usto
706 4137 936 4207 argutius
958 4137 1169 4193 dictum.
1180 4139 1350 4194 Porro

1448 2508 1700 2563 Heinsius
1733 2519 1882 2579 putat
1905 2548 1922 2576 ,
1963 2508 2187 2563 alterum
2218 2506 2461 2562 hemisti-

1446 2585 1659 2651 chium,
1682 2606 1783 2640 που
1807 2589 1915 2639 hec
1948 2625 1987 2640 ..
2006 2603 2218 2652 ..pena
2249 2604 2279 2638 a
2303 2584 2460 2639 sciolo

1448 2662 1687 2718 additum
1717 2701 1733 2729 ‚
1773 2673 1830 2716 et
1862 2663 2104 2717 lacunam
2137 2680 2247 2716 esse
2288 2662 2459 2716 relin—

1448 2739 1742 2810 quendam,
1769 2739 1945 2809 quaies
1969 2739 2149 2793 multo
2171 2738 2308 2808 apud
2333 2738 2465 2792 Vir-

1451 2817 1634 2887 gilium
1656 2827 1948 2872 ocem-rant.
1974 2816 2090 2871 Nec
2104 2815 2235 2869 mihi
2250 2815 2338 2869 illa
2352 2834 2461 2868 ver-

1450 2895 1518 2948 ba
1529 2894 1849 2966 magnopere
1863 2894 2087 2964 placent,
2104 2893 2294 2963 quippe
2307 2892 2463 2947 nimis

1451 2971 1695 3044 languida
1716 2972 1767 3027 h.
1791 2973 1823 3026 Ι.
1852 2972 1942 3027 ubi
1966 2971 2214 3042 pleraque
2228 2971 2463 3024 animum

1450 3049 1924 3103 commotiseimum
1944 3048 2159 3117 spirant.
2182 3045 2353 3116 Negat
2373 3057 2463 3099 ta-

1451 3146 1578 3181 men
1599 3128 1940 3184 Burmannus
1968 3125 2223 3181 Ovidium
2254 3126 2463 3181 lacunas

1450 3206 1719 3276 reliquisse
1738 3245 1754 3272 ,
1795 3217 2047 3277 putatque
2074 3242 2090 3273 ‚
2126 3226 2336 3261 sensum
2356 3207 2469 3260 ele-

1453 3295 1666 3356 gantem
1689 3284 1826 3338 effici
1845 3322 1862 3349 ‚
1889 3284 1934 3336 si
1964 3284 2195 3354 legatur,
2224 3304 2329 3341 non
2360 3287 2467 3336 hec

1449 3365 1582 3416 mm·
1596 3366 1786 3415 credita
1809 3379 1963 3429 pena
1978 3399 1994 3424 ‚
2019 3370 2080 3415 ut
2093 3380 2251 3430 pana
2279 3362 2347 3415 sit
2367 3381 2465 3415 ca—

1450 3438 1657 3493 lamitas
1673 3478 1689 3506 ,
1728 3437 1952 3492 miseria.

1517 3520 1629 3591 539.
1652 3521 1834 3582 Hanc,
1862 3528 1973 3573 tam
1996 3519 2243 3573 miseram
2260 3558 2276 3585 ‚
2308 3538 2463 3589 quam
2571 3536 2579 3543 ·

1450 3596 1608 3653 tadei
1621 3598 1973 3651 vitae-Ilaec
1985 3617 2096 3652 non
2117 3598 2275 3652 habet
2286 3610 2466 3657 noster

1457 3675 1640 3730 Codex
1654 3677 1732 3741 B;
1761 3687 1816 3731 et
1839 3676 1994 3731 multi
2023 3678 2340 3748 interpretes
2361 3677 2459 3733 de-

1448 3755 1706 3811 leverunt.
1740 3754 1852 3809 Sed
1878 3775 1940 3811 ea
1960 3775 2061 3810 vox
2078 3794 2095 3824 ‚
2132 3758 2338 3828 gravius
2362 3777 2460 3813 so·-

1449 3848 1583 3887 nans
1604 3850 1754 3886 more
1779 3832 2070 3903 virgiliano
2086 3873 2103 3901 ,
2130 3839 2460 3905 praestatEd.

1448 3935 1514 3948 -
1536 3910 1738 3963 Vacuus
1752 3918 1850 3964 etc.
1872 3910 2066 3964 Sancta
2082 3911 2460 3968 descendissem

1449 3984 1516 4041 ad
1538 3986 1752 4043 inferos.
1792 3988 1865 4041 At
1896 3988 1981 4042 illa
2002 3989 2075 4044 sic
2101 4008 2310 4061 quoque
2345 3991 2464 4045 cri-

1397 4094 1404 4101 ·
1446 4063 1607 4121 minis
1650 4084 1812 4120 vacua
1850 4076 1994 4130 «ξι-εις
2036 4067 2461 4138 quandoquidem

1448 4140 1623 4197 anima
1645 4151 1824 4211 peccat
1843 4180 1859 4210 ,
1888 4162 1997 4199 non
2032 4163 2232 4213 corpus.
