2975 4784
733 339 1796 418 METAMORPHOSEON
1847 355 2045 421 LIB.
2101 360 2158 423 I.

2376 361 2493 430 133

369 472 521 547 Sole
553 492 736 550 satus
767 478 1152 568 Phaethon,
1195 512 1392 585 quem
1429 489 1766 587 quondam
1804 521 2040 589 magna
2073 495 2452 600 loquentem
2477 558 2520 588 ,.

364 590 500 664 Nec
535 591 665 665 sibi
701 593 1076 685 cedentem,
1108 596 1502 702 Phoeboque
1535 624 1807 705 parente
1842 613 2199 711 superbum
2223 671 2242 700 ,

365 705 519 780 Non
548 705 704 780 tulit
732 708 1113 797 InachideS,
1155 745 1188 776 «
1227 715 1601 818 Matrique,
1641 721 1765 809 ait,
1804 726 2024 799 omnia
2059 727 2325 804 demens

372 853 404 884 n
444 821 712 910 Credis;
748 840 818 897 et
848 852 920 898 es
956 825 1250 900 tumidus
1281 831 1606 923 genitoris
1638 834 1923 931 imagine
1953 838 2123 913 salsi.
2161 877 2193 907 ι»

365 935 658 1009 Erubuit
688 938 1076 1029 Phaethon,
1110 942 1409 1045 iramque
1437 947 1698 1047 pudore
1731 955 2084 1053 repressit:

2390 983 2490 1053 755

364 1052 452 1125 Et
484 1051 645 1127 tulit
673 1054 758 1128 ad
793 1053 1151 1156 Clymenen
1181 1061 1449 1162 Epaphi
1484 1065 1776 1141 convicia
1805 1087 2101 1145 matrem.

371 1199 403 1228 κ
441 1167 735 1270 Quoque
768 1171 977 1266 magis
1004 1171 1258 1264 doleas,
1295 1177 1613 1272 genitrix,
1646 1179 1742 1255 ait
1764 1239 1784 1271 ,
1820 1183 1932 1260 ille
1967 1215 2094 1282 ego
2130 1187 2345 1279 liber,

360 1366 524 1421 linem
568 1369 807 1440 increpat
845 1409 863 1438 ‚
921 1372 1060 1441 quod
1107 1373 1375 1445 insipienti

358 1445 744 1502 adolescentulo
761 1467 923 1519 equos
940 1451 1132 1507 solares
1145 1456 1372 1509 commi-

356 1525 482 1578 serit
505 1542 519 1575 ε
540 1525 598 1578 in
624 1526 809 1596 quihus
823 1528 988 1583 multa
1010 1529 1286 1586 Ovidianis
1300 1533 1377 1587 si-

354 1602 517 1655 milia.
526 1603 712 1657 Priore
720 1603 837 1658 loco
849 1604 1061 1661 Lucian.
1076 1610 1372 1679 contendit,

356 1678 751 1734 Phaethontem
774 1683 1156 1740 Astronomum
1181 1687 1335 1743 fuisse
1351 1728 1369 1756 ,

354 1758 447 1826 qui
484 1777 708 1830 cursum
751 1761 870 1816 solis
909 1762 1195 1835 designarit
1212 1806 1228 1834 ,
1277 1767 1372 1821 sed

353 1846 476 1889 ante
493 1875 510 1902 ‚
540 1856 700 1906 quam
720 1857 848 1907 opus
871 1840 1146 1909 perficeret
1164 1882 1179 1909 ‚
1213 1862 1371 1897 mor-

355 1923 475 1974 tuus
501 1914 585 1968 sit.
613 1914 791 1969 Etiam
820 1917 1037 1972 Procius
1055 1958 1071 1984 ,
1119 1920 1186 1973 ad
1227 1921 1371 1976 Tim.

353 1991 488 2046 Plat.
519 2013 570 2063 p.
608 1994 673 2047 33
695 2015 803 2066 seq.
831 1996 1060 2051 fabulam
1087 2018 1116 2051 e
1148 1999 1374 2073 physicis

350 2067 730 2139 interpretatus
766 2082 860 2126 est.
912 2072 997 2127 Cf.
1033 2086 1087 2129 et
1126 2075 1371 2130 Philostr.

356 2143 508 2196 loon.
531 2145 557 2199 1
575 2185 592 2211 ,
618 2167 691 2200 u.
708 2149 929 2216 Noster,
950 2169 1067 2219 que
1085 2151 1273 2204 tradita
1293 2170 1373 2206 ac·

354 2234 603 2291 ceperat,
628 2236 681 2278 et
697 2228 1041 2297 copiosissime
1060 2239 1113 2281 et
1133 2228 1374 2283 eruditis-

353 2301 490 2355 sime
511 2315 853 2374 persequutus
876 2317 989 2370 est;
1014 2307 1105 2361 sed
1141 2307 1227 2361 hic
1260 2326 1371 2361 non

350 2379 531 2434 minus
548 2420 564 2448 ,
603 2400 761 2450 quam
784 2384 838 2437 in
869 2384 1066 2438 diluvio
1088 2384 1374 2438 Deucalio-

349 2475 453 2510 neo
475 2497 492 2524 ,
550 2459 836 2515 luxurianti
876 2462 1093 2532 ingenio
1138 2461 1372 2516 indulsit.

348 2535 493 2591 Tum
514 2538 788 2611 discerpsit
809 2542 1039 2596 fabulam
1058 2543 1128 2596 ita
1146 2582 1161 2610 ,
1185 2554 1248 2596 ut
1263 2561 1372 2595 ma-

346 2616 517 2685 jorem
543 2621 660 2688 ejus
683 2630 888 2689 partem
912 2621 968 2675 in
993 2622 1107 2676 libr.
1130 2639 1370 2690 sequen—

348 2703 457 2748 tem
490 2698 818 2752 transferret.
860 2698 1025 2768 Quod
1049 2700 1177 2755 olim
1202 2718 1370 2769 quum

348 2772 568 2827 moleste
583 2775 829 2829 nonnulli
843 2777 1071 2844 ferrent,
1086 2779 1283 2832 sactum
1295 2793 1372 2830 ar-

346 2851 544 2921 bitror,
570 2863 631 2907 nt
655 2854 741 2909 hic
757 2856 1049 2912 secundum
1066 2857 1261 2912 librum
1279 2874 1374 2909 or-

348 2931 595 2988 direntur
616 2973 632 3000 ,
676 2954 795 3004 quae
833 2935 1017 2990 divisio
1051 2937 1107 2990 in
1145 2945 1373 3006 quatuor

352 3007 526 3063 Codd.
536 3014 819 3082 reperitur.
836 3013 1058 3081 Seneca,
1074 3013 1139 3067 de
1156 3012 1372 3067 Provid.

352 3090 385 3141 5
407 3126 423 3152 ,
462 3088 574 3143 lom
597 3091 856 3145 nonnulla
888 3090 1013 3144 inde
1044 3090 1274 3145 laudavit
1304 3089 1371 3143 ad

348 3162 712 3220 illustrandam
737 3166 1108 3222 fortitudinem
1133 3168 1189 3219 in
1211 3184 1374 3235 appe-

348 3242 515 3296 tenda
548 3244 757 3298 virtute.
799 3244 872 3297 Et
907 3252 1080 3314 potest
1119 3242 1233 3296 hec
1269 3241 1371 3295 sab.

346 3340 500 3390 eque
528 3341 588 3376 ac
610 3323 858 3393 AEsopica
875 3361 890 3390 ,
931 3339 1087 3375 usum
1116 3319 1372 3399 moralem

343 3398 559 3455 habere.
588 3402 667 3456 Ea
685 3403 832 3456 enim
849 3415 1162 3468 monemur,
1186 3418 1256 3452 ne
1280 3418 1369 3469 ap-

342 3488 592 3547 petamus
635 3498 751 3548 que
794 3499 951 3550 supra
989 3480 1123 3532 vires
1168 3487 1374 3556 nostras

340 3565 470 3608 sunt
486 3595 503 3622 ‚
529 3566 587 3609 et
609 3567 670 3609 ut
687 3557 1068 3626 sapientiorum
1090 3554 1372 3608 hominum

339 3631 574 3687 eomil'fis
588 3634 699 3703 regi
721 3653 821 3687 nos
838 3634 1087 3688 sinamus.
1107 3631 1243 3686 Hor.
1260 3631 1341 3685 lv
1354 3670 1370 3697 ,

342 3707 459 3764 Od.
470 3725 537 3777 n,
552 3713 634 3764 25.
648 3709 735 3765 Cf.
748 3722 802 3766 et
812 3711 995 3781 Eurip.
1006 3713 1189 3782 fragm.
1205 3711 1375 3765 111.-

339 3790 600 3856 )Eqaaltir.
619 3790 731 3845 VII
751 3829 768 3857 ,
792 3789 892 3845 658
911 3830 925 3854 ,
932 3809 1086 3857 pares
1098 3794 1252 3843 annis
1264 3793 1374 3840 ani·

338 3870 841 3935 antiqua—Animis,
854 3868 1036 3938 spiritu
1050 3878 1105 3922 et
1116 3866 1372 3936 superbia.

411 3949 530 4014 751.
548 3945 720 3998 Salus.
741 3948 933 4015 Gierig.
946 3945 1184 4000 ediderat
1198 3950 1371 4008 natan

338 4020 431 4074 sed
458 4033 684 4092 propter
710 4033 946 4076 metrum
982 4032 1123 4077 recte
1152 4020 1375 4075 Codices

340 4097 478 4169 Reg-
504 4099 679 4154 nostri
694 4097 892 4154 habent
903 4106 1078 4164 salus,
1109 4096 1250 4167 quod
1277 4117 1374 4151 re-

1471 1380 1788 1438 vocavimus.
1803 1387 1982 1438 Eat—
1997 1388 2199 1456 Magna
2219 1393 2369 1458 loqui.
2395 1402 2490 1447 tle·

1470 1465 1724 1528 γαλκυχεῒν
1746 1500 1762 1527 ,
1806 1471 2038 1532 μεγαληγο
2068 1477 2133 1519 εἶν
2170 1507 2185 1532 ,
2227 1468 2432 1536 gloriari
2470 1508 2485 1533 ‚

1468 1538 1739 1606 superbire
1759 1539 1908 1594 :vide
1925 1540 2032 1596 adl
2090 1580 2106 1608 ,
2124 1543 2205 1596 31.
2222 1544 2487 1612 Juvenes,

1470 1630 1637 1680 quum
1651 1615 2009 1671 suisnondum
2021 1619 2311 1675 inclaruere
2327 1622 2491 1675 virtu·

1470 1689 1633 1759 tibus,
1648 1691 1716 1746 de
1730 1694 1934 1763 generis
1947 1696 2217 1752 nobilitate
2233 1699 2486 1752 rixantur.

1537 1774 1645 1839 7⁵²·
1660 1773 1771 1824 Nec
1781 1775 2160 1828 sibiet-dealem.
2177 1774 2322 1845 Quia
2335 1777 2485 1830 1³11oe-

1466 1845 1537 1899 bo
1568 1858 1714 1917 patre
1739 1848 1859 1903 Deo
1882 1862 2036 1905 natus
2058 1863 2225 1919 esset,
2253 1873 2400 1924 aeque
2426 1874 2485 1908 ae

1468 1924 1716 1997 Epaphus
1731 1968 1748 1996 ,
1767 1950 1954 1984 verum
1980 1950 2089 1985 non
2115 1950 2262 2002 oque
2285 1952 2484 2004 magno

1466 2004 1586 2059 Deo
1604 2046 1620 2073 ,
1650 2018 1710 2061 ut
1733 2007 1816 2062 ille
1836 2031 1849 2072 ς
1877 2029 2004 2062 nam
2020 2010 2150 2080 quid
2163 2011 2297 2064 Jove
2312 2013 2487 2081 majus

1466 2079 1692 2135 habetur
1715 2084 1741 2136 ?
1784 2082 1992 2138 Cedere
2032 2105 2160 2155 ergo
2201 2086 2480 2139 Phaethon

1469 2158 1691 2228 Epapho
1709 2159 1970 2216 debuisset
1991 2164 2043 2216 in
2071 2161 2168 2215 hac
2192 2169 2353 2230 parte.
2379 2161 2487 2216 Sed

1470 2234 1819 2288 Phaethontis
1840 2238 2043 2290 animos
2067 2238 2288 2308 augebat
2301 2276 2317 2303 ,
2343 2238 2484 2306 quod

1469 2329 1629 2364 avum
1652 2312 1870 2365 haberet
1895 2314 2087 2366 Jovem
2108 2353 2122 2379 ‚
2162 2323 2218 2366 et
2238 2313 2486 2383 Epaphus

1468 2387 1536 2441 de
1564 2408 1660 2442 avo
1690 2390 1897 2459 gloriari
1932 2409 2043 2444 non
2084 2400 2290 2460 poterat
2315 2406 2329 2440 t
2362 2412 2483 2445 nam

1468 2467 1686 2522 Saturni
1695 2470 1904 2522 nullum
1916 2470 2024 2538 jam
2035 2488 2235 2523 nomen
2247 2479 2376 2522 erat.
2387 2473 2484 2525 Ed.

1536 2547 1646 2610 754.
1680 2547 1934 2598 Tumevus.
1961 2548 2169 2599 Tenere
2189 2544 2255 2598 de
2277 2545 2410 2598 fastu
2434 2558 2486 2600 et

1465 2620 2059 2691 superbia.-Falsus‚qui
2070 2632 2286 2691 putatur
2299 2622 2340 2674 is
2355 2639 2482 2688 esse,

1468 2698 1560 2766 qui
1590 2715 1773 2752 revera
1804 2717 1917 2753 non
1944 2710 2056 2754 est:
2087 2698 2203 2751 vide
2227 2698 2486 2752 Brouckh.

1467 2775 1533 2829 ad
1549 2775 1790 2846 Propert.
1806 2777 1879 2843 11,
1901 2775 1982 2829 El.
1997 2792 2099 2842 vu,
2119 2776 2197 2841 43.
2213 2802 2281 2815 —
2294 2776 2482 2843 Imago,

1464 2852 1590 2906 salsa
1612 2853 1690 2906 rei
1713 2853 2108 2923 representatio
2124 2891 2140 2919 ‚
2169 2851 2254 2916 11,
2282 2852 2361 2921 37.

1537 2931 1647 3000 756.
1683 2934 1826 2985 Tulit
1841 2934 1920 2985 ad
1933 2937 2154 2984 matrem.
2181 2929 2336 2981 More
2359 2949 2488 2999 pue-

1466 3027 1653 3062 rorum
1673 3049 1688 3076 ‚
1727 3010 1819 3079 qui
1855 3007 2042 3062 offensi
2078 3007 2142 3059 ab
2174 3005 2486 3075 aequalibus,

1466 3105 1586 3138 rem
1609 3085 1673 3139 ad
1694 3095 1939 3155 parentes
1959 3083 2207 3136 deserunt
2227 3122 2244 3150 ,
2268 3093 2323 3137 et
2345 3084 2410 3137 ab
2430 3085 2489 3138 iis

1466 3163 1756 3219 vindictam
1778 3171 1985 3233 petunt.
2011 3164 2111 3216 Ed.
2453 3177 2458 3182 ·

1537 3243 1644 3311 7'57.
1681 3246 1778 3295 Ille
1794 3262 1886 3309 ego
1905 3245 2044 3294 liber.
2072 3240 2241 3295 Codd.
2270 3241 2391 3296 ΕΒ.
2418 3243 2486 3297 A.

1466 3319 1531 3372 B.
1556 3321 1641 3372 Eu
1672 3339 1763 3388 ego
1785 3322 1924 3372 liber.
1964 3319 2124 3373 Forte
2152 3319 2389 3372 vividius.
2421 3347 2490 3360 -

1467 3399 1645 3461 Liber,
1674 3396 1764 3465 qui
1786 3435 1801 3462 ‚
1823 3396 2095 3452 neminem
2117 3397 2311 3451 timens
2326 3437 2339 3458 ,
2364 3395 2489 3449 dicit

1468 3485 1524 3528 et
1561 3475 1715 3541 facit,
1753 3492 1870 3543 que
1903 3474 2002 3544 ipsi
2037 3485 2180 3528 recta
2217 3471 2484 3526 videntur.

1467 3551 1606 3607 Plin.
1636 3549 1752 3616 vl,
1793 3551 1890 3621 ΕΡ.
1926 3567 2065 3619 Vin,
2104 3554 2173 3606 8:
2213 3552 2333 3603 Non
2349 3547 2490 3617 fite!

1466 3649 1700 3698 magnum
1736 3635 1792 3683 e!
1829 3633 2037 3683 liberum
2080 3635 2334 3697 &genium
2375 3642 2487 3683 cum

1465 3710 1767 3761 contumelia
1777 3709 2232 3761 damnum-Ferox
2245 3725 2362 3776 opp.
2380 3706 2484 3759 leni

1468 3796 1523 3839 et
1546 3784 1747 3856 placido
1771 3785 1998 3858 ingenio.
2023 3783 2132 3840 Cic.
2158 3785 2285 3839 Seu.
2310 3802 2362 3836 n.
2387 3783 2479 3836 33:

1464 3865 1729 3929 e'nfinne’las
1744 3881 2007 3930 puerorum
2027 3868 2109 3913 es!
2119 3901 2134 3924 ,
2165 3858 2369 3928 semeth
2378 3857 2485 3923 ju·-

1467 3960 1660 3995 vemmt.
1699 3941 1850 3996 Adde
1875 3941 2085 3997 Sallust.
2115 3937 2232 3993 Cat.
2267 3937 2364 3997 38,
2401 3931 2490 3982 “lle

1468 4039 1592 4087 ego:
1619 4019 1753 4073 Plin.
1771 4021 1797 4074 Ι
1822 4059 1836 4085 ,
1865 4019 2030 4088 Epist.
2041 4033 2104 4068 vt
2121 4053 2136 4080 ‚
2165 4015 2198 4067 6
2216 4052 2231 4079 ,
2256 4027 2348 4078 ego
2367 4011 2456 4060 “lle
2472 4044 2486 4071 ι

1469 4119 1610 4168 quem
1640 4103 1802 4163 nosti,
1844 4100 1936 4152 ubi
1956 4118 2007 4150 v.
2046 4094 2225 4148 Corte.
