2975 4784
560 329 688 394 352

1116 325 1194 389 P.
1253 325 1610 394 OVIDII
1660 324 2125 394 NASONIS

561 467 880 564 Sertaque
913 459 1290 564 dependent
1323 463 1551 553 tectis3
1582 462 1838 565 lotique
1856 521 1876 553 ‚
1914 464 2198 566 lyraeque
2222 521 2241 553 ‚

557 587 926 687 Tibiaque,
963 603 1031 661 et
1064 602 1335 676 cantus,
1370 586 1572 660 animi
1606 586 1821 663 felicia
1853 586 1985 660 laeti

555 712 1023 805 Argumenta,
1060 727 1349 783 sonant.
1383 710 1688 785 reseratis
1720 738 1914 783 aurea
1944 708 2149 782 valvis

555 833 753 908 Atria
789 850 927 906 tota
961 847 1236 932 patent,
1272 830 1734 933 pulchroque
1714 849 2037 906 instructa
2064 848 2303 931 paratu

557 956 945 1057 Cephenum
975 982 1280 1055 proceres
1314 953 1548 1029 ineunt
1579 954 1879 1027 convivia
1910 952 2104 1048 regis.

557 1080 926 1181 Postquam
959 1079 1178 1181 epulis
1209 1077 1423 1154 functi
1440 1135 1460 1170 ,
1502 1079 1806 1175 generosi
1838 1105 2107 1152 munere
2136 1077 2382 1151 Bacchi

555 1278 671 1331 loco
685 1277 825 1330 infra
838 1276 998 1330 citato
1022 1274 1288 1345 Propertii
1310 1274 1573 1345 corrigen-

555 1354 686 1408 dum
713 1365 807 1408 est.
831 1355 932 1407 Ed.
959 1352 1317 1416 Scbiracbius,
1360 1351 1451 1421 qui
1476 1352 1574 1405 ad-

554 1431 697 1484 misit
722 1433 1022 1498 praeceliunt
1037 1470 1052 1491 ,
1088 1429 1463 1499 interpretatur
1488 1428 1571 1482 vel

556 1509 800 1578 quatiunt
810 1507 1130 1577 simpliciter,
1140 1507 1222 1561 vel
1233 1517 1354 1561 ante
1365 1507 1572 1576 nuptias

554 1586 814 1655 quatiunt.
851 1585 1045 1638 Melius
1078 1583 1299 1638 Gesner.
1325 1585 1381 1637 in
1412 1583 1571 1638 Thes.

555 1668 697 1719 inter
709 1663 1102 1734 praeferendum
1118 1675 1240 1717 ante
1253 1682 1504 1733 sponsum
1518 1674 1570 1717 et

555 1762 803 1814 sponsam
825 1742 1086 1812 quatiunt.
1123 1742 1365 1796 Debebat
1399 1742 1573 1796 dicere

547 1821 848 1890 presentat,
890 1818 984 1872 sed
1023 1819 1207 1874 maluit
1248 1819 1373 1872 illud
1390 1860 1406 1886 ‚
1449 1820 1573 1886 quia

553 1903 704 1968 quate·
729 1900 866 1952 saces
890 1897 1144 1951 solebant.
1176 1897 1420 1966 Propert.
1452 1898 1567 1962 111,

555 1993 670 2041 xw,
693 1975 780 2028 16:
797 1977 914 2043 Ipse
922 1975 1576 2042 Amotaccensaspraecule't

554 2054 845 2140 anlesaces.
870 2052 1231 2106 Profer-ebant
1244 2072 1329 2106 eas
1345 2052 1571 2122 plerum·

555 2150 658 2200 que
676 2121 848 2196 servi;
870 2129 1040 2184 sedin
1062 2129 1142 2183 his
1163 2131 1356 2200 nuptiis
1377 2129 1430 2183 id
1447 2149 1572 2182 mu-

554 2230 655 2264 nus
675 2213 974 2282 Hymeneus
986 2221 1041 2264 et
1058 2211 1222 2264 Amor
1238 2210 1567 2280 praestabant,

554 2287 1007 2357 quemadmodum
1047 2289 1104 2341 in
1135 2289 1371 2342 infaustis
1408 2288 1568 2342 Terei

554 2367 750 2437 nuptiis
765 2365 1208 2433 Eumenideavl,
1223 2370 1411 2438 429.-
1421 2368 1570 2433 Ignes

557 2456 612 2499 et
633 2451 793 2513 pasci
820 2445 1099 2511 dicuntur,
1138 2455 1223 2509 et,
1263 2443 1476 2514 quando
1513 2443 1565 2496 id

554 2522 746 2591 largius
780 2520 841 2574 fit
859 2561 875 2588 ,
910 2526 1109 2574 salebri.
1146 2520 1475 2580 Suffimentis
1510 2520 1567 2573 in

555 2599 751 2653 :edibus
774 2599 999 2652 accensis
1029 2598 1422 2652 delectabantur
1443 2598 1566 2650 lau-

554 2680 715 2732 tiores
728 2678 783 2730 in
801 2676 1026 2730 Oriente
1040 2675 1282 2729 homines
1294 2716 1309 2742 ‚
1324 2677 1457 2729 sorte
1475 2695 1567 2727 va—

551 2757 799 2812 letudinis
830 2754 1199 2810 conservande
1232 2774 1400 2808 causa.
1429 2755 1564 2808 Eam

551 2837 609 2891 in
648 2854 764 2888 rem
791 2835 935 2887 focus
972 2832 1028 2885 in
1065 2831 1243 2885 medio
1282 2843 1420 2885 tecto
1456 2851 1566 2900 po-

551 2915 692 2969 situs.
719 2911 903 2981 virgil.
927 2908 1138 2963 AEneid.
1157 2910 1266 2963 Vll
1287 2948 1302 2974 ‚
1333 2911 1406 2964 13.

619 2996 729 3062 759.
761 2989 918 3042 Sertis
956 2987 1012 3040 in
1038 2987 1184 3039 omni
1205 2986 1379 3040 laetitia
1399 3025 1415 3051 ‚
1451 3005 1565 3056 pu—

549 3068 679 3123 blica
694 3078 748 3122 et
762 3067 960 3137 privata
972 3105 988 3133 ‚
1003 3064 1326 3119 exornabant
1343 3065 1565 3119 Veteres

547 3147 732 3213 ianuas
750 3186 766 3213 ,
793 3143 1015 3198 maxime
1041 3154 1218 3197 tamen
1246 3141 1300 3196 in
1335 3143 1564 3212 nuptiis:

549 3223 668 3279 vide
694 3225 935 3294 Sagittar.
973 3223 1037 3277 de
1066 3223 1253 3277 Januis
1279 3221 1418 3276 Vett-
1451 3241 1563 3291 cap.

548 3304 613 3358 3o
630 3341 646 3369 ‚
670 3301 701 3371 S
722 3304 754 3356 8
777 3322 886 3371 sqq.
899 3330 966 3344 ·—
979 3304 1189 3372 Letique
1206 3301 1457 3355 debemus
1479 3301 1566 3353 in-

548 3380 714 3452 geniis
749 3379 1005 3434 Gronovii
1041 3391 1096 3434 et
1131 3380 1366 3446 Heinsfi,
1394 3397 1563 3448 quum

546 3468 791 3528 corrupte
816 3456 1079 3526 legeretur
1099 3464 1153 3507 e!
1169 3460 1361 3525 ubique.
1395 3453 1561 3523 Quod

547 3535 804 3589 mendum
819 3543 1097 3587 senserunt
1118 3543 1174 3585 et
1189 3534 1315 3586 olim
1336 3532 1559 3594 librarii;

546 3611 670 3666 hinc
685 3612 769 3665 alii
782 3619 1121 3664 correxerunt
1143 3613 1455 3679 cimam-que,
1476 3609 1561 3662 alii

544 3694 766 3758 lituique.
788 3715 856 3728 -
889 3684 1041 3753 Regii
1077 3687 1242 3739 nostri
1280 3687 1477 3741 habent
1509 3694 1564 3738 et

546 3770 752 3835 ubique,
781 3786 880 3820 nee
893 3763 1046 3817 video
1060 3764 1186 3831 quid
1205 3767 1386 3820 mendi
1398 3768 1556 3820 latere

547 3843 705 3910 possit
727 3844 784 3895 in
809 3841 906 3895 hac
922 3840 1157 3895 lectione.
1189 3840 1337 3908 Quid
1360 3843 1444 3896 bic
1465 3847 1566 3896 loli

545 3935 668 3969 cum
693 3921 819 3988 lyris
845 3929 901 3972 et
929 3921 1069 3970 ubi&
1086 3916 1115 3968 ?
1151 3915 1233 3969 Cl.
1267 3920 1443 3987 Grim‘g
1461 3921 1558 3973 in·-

546 4005 864 4064 terpretatur
889 4000 988 4047 leti
999 4034 1013 4055 ‚
1041 3993 1177 4048 tibiae
1201 4014 1262 4048 ex
1285 3995 1377 4049 loti
1402 3997 1556 4063 (vide

546 4072 748 4138 infra);
783 4071 854 4125 ita
888 4071 1139 4125 babemus
1174 4072 1231 4126 in
1270 4071 1369 4128 hoc
1401 4094 1555 4128 versu

1667 1278 1824 1326 {ibe‘as
1845 1283 1899 1326 et
1921 1277 2114 1326 libiam.
2137 1273 2297 1325 Hanc
2318 1274 2691 1341 repetitionem

1668 1351 1927 1422 ingratam
1950 1352 2006 1403 in
2032 1360 2274 1403 mentem
2292 1361 2465 1419 poetae
2488 1353 2689 1417 nostri,

1666 1430 1762 1483 etsi
1778 1429 1933 1499 paulo
1948 1428 2276 1498 loquaciora
2300 1428 2546 1482 incidisse
2560 1449 2691 1482 nun·

1669 1526 1829 1575 quam
1855 1506 2208 1560 crediderim:
2238 1524 2337 1557 vox
2372 1509 2559 1574 ubique
2586 1509 2687 1559 vim

1668 1583 1950 1653 quamdam
1965 1584 2123 1637 babet
2138 1583 2202 1636 ad
2220 1602 2543 1637 consensum
2560 1604 2690 1638 una-

1666 1664 1871 1715 nimem
1894 1661 2291 1731 designandum.
2318 1663 2422 1714 Ed.
2443 1688 2515 1702 -
2530 1664 2678 1722 loti,

1670 1742 1806 1796 tibiae
1855 1761 1918 1795 ex
1961 1740 2052 1794 toti
2070 1780 2084 1806 ,
2128 1741 2335 1812 Libycae
2376 1740 2431 1793 in
2476 1740 2684 1808 primis,

1668 1819 2013 1873 arundinibus
2032 1817 2161 1871 wid.
2179 1817 2418 1870 Gronov.
2436 1816 2566 1871 obs.
2584 1819 2685 1882 lv,

1674 1899 1749 1949 15.
1790 1925 1858 1936 -
1901 1895 2214 1964 Arffweaela
2238 1936 2250 1950 .
2296 1895 2459 1962 signa.
2506 1894 2687 1946 Etiam

1668 1976 1805 2044 apud
1830 1977 2054 2029 Homer.
2072 1975 2131 2029 ΙΙ.
2156 1975 2203 2028 Ε
2220 2014 2234 2040 ,
2263 1976 2360 2046 493
2376 2014 2392 2039 ‚
2414 1974 2467 2026 in
2488 1975 2689 2043 nuptiis

1668 2058 1911 2122 ὑμίνκιος,
1939 2060 2070 2109 αὐλοὶ
2091 2064 2146 2106 et
2169 2057 2422 2128 φήμας-ηις.

1733 2133 1844 2202 76ι.
1886 2135 1951 2187 In
1973 2137 2122 2185 aeni}
2146 2132 2381 2184 convivia
2406 2130 2687 2184 habeban-

1665 2223 1768 2266 tur.
1802 2213 1939 2267 Vide
1968 2212 2216 2267 Servium
2246 2210 2311 2264 ad
2340 2210 2528 2280 Vix-gu.
2567 2211 2690 2264 AB.

1667 2293 1724 2358 1,
1757 2293 1880 2354 138;
1912 2292 1965 2345 11
1994 2291 2106 2344 init.
2129 2318 2195 2331 -
2219 2289 2422 2350 Ama,
2458 2289 2542 2342 vel
2573 2307 2691 2342 om-

1663 2371 1794 2424 nino
1830 2368 2070 2438 pulchra,
2103 2369 2185 2421 vel
2229 2369 2489 2422 instructa
2522 2367 2688 2420 aureis

1664 2447 2004 2501 ornamentis.
2040 2473 2108 2485 -
2140 2449 2363 2504 Patent,
2406 2464 2526 2514 quc
2550 2464 2691 2498 con-

1662 2527 1787 2596 spici
1812 2534 2042 2596 possunt.
2073 2551 2141 2564 -
2167 2525 2498 2614 paleamque:
2536 2523 2691 2577 Unus

1664 2603 1970 2670 Mediceus,
2008 2606 2304 2669 μὶνίοᾳιες
2330 2620 2444 2654 non
2478 2602 2689 2670 impro-

1661 2680 1819 2735 bante
1845 2643 2103 2745 Heinsio,
2130 2679 2220 2748 qui
2250 2679 2479 2733 malebat
2503 2691 2685 2733 umen

1659 2763 1907 2828 lautaque.
1947 2757 2171 2812 Codices
2207 2757 2375 2810 nostri
2404 2757 2567 2827 Regii
2594 2757 2689 2810 ba—

1663 2837 1793 2890 bent
1805 2840 2123 2904 pulchroque.
2154 2863 2221 2875 —
2250 2838 2449 2888 Paroa
2472 2876 2485 2898 ,
2530 2854 2689 2904 appa-

1662 2926 1796 2968 ratu.
1813 2942 1881 2953 —
1903 2917 2185 2982 Cephenum
2207 2923 2306 2965 ete.
2345 2912 2578 2982 Vulgata
2602 2912 2689 2965 ba·

1658 2994 1816 3047 bebat
1845 2994 2068 3060 Cepheni
2090 3002 2182 3044 aut
2204 2991 2479 3058 Cepbeaetln
2506 3003 2563 3045 et
2589 2991 2687 3045 hot
2737 3026 2749 3033 -

1661 3070 1879 3125 dederat
1909 3070 1972 3123 cl.
2008 3072 2216 3138 Ge‘en‘g,
2256 3069 2465 3122 etiamsi
2494 3069 2686 3123 lectio-

1661 3167 1824 3214 nem,
1863 3165 2021 3216 quam
2058 3146 2276 3212 damus,
2320 3148 2687 3216 pretiosiorem

1661 3225 1861 3280 dixerit.
1884 3224 2133 3288 Heinsius
2159 3223 2403 3294 spurium
2424 3224 2687 3292 judicabat

1660 3304 1807 3359 hunc
1818 3323 2052 3368 versum;
2065 3302 2354 3357 dicendum
2366 3304 2519 3356 enim
2534 3305 2684 3357 fuisse

1663 3383 1940 3450 Cephenum
1956 3391 2047 3434 aut
2068 3382 2331 3448 Cepha-nes.
2353 3380 2560 3450 Regius
2573 3400 2683 3434 nos·

1658 3469 1740 3511 ter
1765 3459 1809 3511 Λ
1829 3457 1917 3511 dat
1943 3460 2251 3525 Cephenum5
2277 3456 2467 3510 Codex
2484 3458 2533 3511 B
2553 3498 2569 3523 ‚
2598 3459 2681 3510 ce

1648 3540 1818 3604 phem'.
1837 3533 1937 3587 Ed.
1969 3537 2220 3601 Cepha-nes
2239 3544 2365 3588 sunt
2388 3534 2681 3604 AEtbiopes-

1660 3614 1731 3666 Et
1781 3611 2065 3682 legendum
2102 3611 2244 3664 haud
2287 3611 2451 3665 dubie
2498 3616 2681 3680 Cephe-

1655 3709 1786 3742 num,
1830 3689 2172 3742 Burmannus
2216 3699 2395 3742 tamen
2441 3691 2681 3756 Cephen]

1658 3768 1883 3832 retinet,
1908 3778 1963 3819 et
1986 3785 2110 3819 cum
2132 3772 2266 3834 regis
2287 3768 2588 3838 conjungit.

1709 3846 2091 3914 764Poslquam
2100 3845 2681 3913 epuleksnaecteetermi·

1658 3923 1721 3976 tis
1737 3923 1957 3976 demum
1980 3924 2145 3994 epulis
2172 3929 2345 3977 νῖκαι
2358 3925 2680 3980 sumebatur.

1653 4000 2681 4072 —Geaeetosum.vininobilissinfiepitbe-

1654 4086 1749 4130 ton
1762 4117 1779 4144 ,
1793 4077 1859 4131 ad
1874 4078 2047 4148 ipsum
2058 4078 2331 4135 Bacchum
2350 4079 2677 4136 mslatum.
