2975 4784
673 395 1721 490 METAMORPHOSEON
1773 410 1972 476 LIB.
2027 412 2166 479 IV.

2358 411 2479 479 331

381 545 627 619 Omnia
658 545 812 622 trita
845 544 1080 635 simu13
1112 575 1258 647 quae
1292 545 1619 642 sanguine
1655 547 1858 621 mixta
1890 549 2134 623 recenti

380 661 662 736 Coxerat
693 690 816 736 aere
848 691 1006 738 cavo
1025 719 1044 752 ‚
1078 662 1272 737 viridi
1308 681 1563 738 versata
1593 662 1852 738 cicuta:

379 777 689 879 Dumque
723 797 965 881 pavent
994 778 1127 870 illi,
1166 780 1363 855 vertit
1394 780 1628 856 furiale
1663 809 1989 855 venenum

379 894 619 969 Pectus
647 895 721 969 in
755 896 1138 985 amborum;
1176 897 1671 998 pracordiaque
1706 895 1939 970 intima
1971 895 2195 969 movit.

379 1017 551 1089 Tum
585 1015 723 1091 face
751 1017 990 1117 jactata
1021 1047 1141 1120 per
1167 1017 1465 1093 eumdem
1503 1019 1744 1122 saepius
1780 1017 2010 1092 orbem
2031 1074 2052 1107 ,

382 1138 832 1240 Consequitur
863 1159 1083 1212 motos
1115 1140 1427 1211 velociter
1457 1139 1733 1231 ignibus
1763 1141 1973 1232 ignes'.

377 1261 488 1334 sic
521 1259 790 1348 victrix,
825 1261 1124 1362 jussique
1157 1277 1438 1361 potens,
1475 1260 1560 1334 ad
1595 1259 1814 1333 inania
1849 1260 2074 1356 magni

377 1386 611 1480 Regna
641 1384 812 1458 redit
844 1383 1052 1472 Ditis,
1090 1402 1515 1485 sumtumque
1546 1383 1909 1480 recingitur
1942 1411 2245 1478 anguem.

2407 1404 2505 1457 510

472 1506 789 1581 Protinus
824 1506 1124 1581 AEolides
1156 1506 1374 1581 media
1405 1504 1808 1580 furibundus
1843 1505 1913 1578 in
1948 1503 2094 1579 aula

378 1629 681 1705 Clamat:
717 1666 750 1697 «
787 1633 908 1704 Io!
943 1631 1217 1706 comites
1238 1688 1258 1719 ,
1294 1631 1400 1705 his
1434 1630 1602 1705 retia
1638 1629 1888 1705 tendite
1925 1628 2109 1703 silvis
2139 1658 2156 1701 ε

443 1835 559 1888 503.
572 1835 820 1903 sanguim
835 1841 1010 1889 mtloelae.
1030 1835 1192 1889 Multi
1205 1856 1267 1890 ex
1283 1854 1390 1890 me·

376 1910 593 1965 lint-ibus
608 1951 623 1978 ,
650 1913 781 1967 etsie
793 1913 1007 1983 quidem
1025 1915 1189 1967 nostri
1205 1914 1386 1983 Regii,

376 1994 561 2050 tincta,
588 2008 686 2058 pro
706 1996 882 2051 mei-la.
904 2017 972 2031 —
995 1992 1176 2044 Εἰδυῖα
1191 2032 1203 2052 ,
1241 1991 1389 2045 cala-

377 2086 496 2120 mus
515 2067 662 2121 istius
675 2067 867 2137 planta
882 2069 1160 2138 tripedalis.
1188 2071 1269 2124 Eo
1283 2070 1391 2124 uti-

378 2155 468 2198 tur
502 2144 617 2200 loco
649 2145 986 2200 instrumenti
1022 2146 1085 2200 ad
1124 2147 1391 2202 miscenda

376 2241 595 2277 venena.
634 2222 877 2277 Similem
911 2226 1343 2294 propat-ationem
1370 2262 1386 2290 ‚

376 2299 480 2353 vid.
495 2300 573 2354 VI
577 2302 622 2366 1,
642 2301 738 2354 262
752 2320 866 2370 sqq.
878 2341 894 2368 ,
912 2302 1000 2355 ubi
1021 2301 1213 2355 Medea
1227 2308 1399 2356 amnti

374 2400 514 2434 ram
543 2385 685 2434 olibe
703 2382 778 2438 sic
796 2382 976 2436 utitur.
1004 2382 1180 2436 Etiam
1210 2403 1321 2454 sqq.
1357 2403 1388 2437 e

378 2461 525 2530 virg.
557 2461 655 2531 37⁴
670 2501 685 2528 ,
720 2479 955 2531 expressa
974 2500 990 2526 ,
1014 2466 1313 2532 peaet‘tusque
1333 2467 1390 2515 in

372 2542 569 2592 vescera
578 2543 786 2605 -lapsun
808 2533 1057 2608 &rpentis
1062 2538 1261 2605 fm'etle
1277 2559 1392 2593 nra·—

369 2619 475 2668 lam
489 2657 502 2678 ‚
521 2623 771 2685 lotamque
774 2625 1080 2684 μετεῖναι-
1088 2616 1391 2671 VertilGro·

374 2713 495 2748 nov.
519 2693 649 2749 Obs-
678 2695 763 2761 11,
783 2715 833 2765 p.
861 2698 986 2762 204,
1008 2706 1179 2749 mutat
1202 2696 1259 2749 in
1283 2716 1389 2749 veru

366 2777 473 2839 git,
525 2791 719 2843 nempe
759 2773 917 2827 Furia
941 2813 957 2840 ,
995 2774 1138 2844 quod
1179 2785 1389 2828 coctum

374 2850 615 2905 babebat.
642 2852 901 2906 Eamdem
924 2853 1275 2907 mutationem
1296 2852 1391 2906 ha·-

372 2929 465 2984 bet
474 2927 739 2997 Gravius3
757 2931 846 2985 sed
865 2930 1087 2986 Codices
1099 2932 1267 2986 nostri
1278 2932 1391 2985 Re-

376 3010 447 3078 gii
468 3022 679 3066 servant
700 3018 861 3066 uede’l.
901 3012 1002 3066 Ed.
1035 3039 1103 3056 ·-·
1136 3013 1390 3068 Vocabul.

360 3087 562 3155 sm‘clc
580 3091 877 3160 frequentat
901 3089 1140 3144 Ovidius.

447 3166 559 3220 508.
587 3169 914 3237 Consequitur
929 3179 1027 3222 etc.
1065 3169 1263 3222 Versus
1290 3168 1392 3221 dis-

377 3242 552 3311 ficilis,
579 3245 668 3314 qui
689 3245 839 3299 valde
861 3246 1014 3299 torsit
1032 3246 1246 3316 ingenia
1262 3246 1390 3300 lntt.

378 3321 657 3376 Accursius
690 3321 1007 3377 emendabat
1029 3328 1179 3376 motis
1205 3326 1395 3375 veloci-

374 3408 456 3452 ter
467 3405 667 3468 e‘gntzus
686 3406 853 3470 affines,
884 3400 939 3454 id
959 3409 1036 3455 est
1048 3441 1064 3467 ,
1090 3410 1259 3453 rotata
1279 3400 1391 3453 sace

283 3545 305 3560 ο
375 3487 431 3530 et
454 3480 730 3533 commotis
752 3480 865 3549 ejus
881 3479 1087 3549 ignibus
1110 3479 1258 3549 ignes
1272 3497 1395 3532 con·

373 3554 625 3624 sequitur.
640 3556 711 3624 X,
732 3579 757 3626 7
778 3576 791 3610 :
806 3560 1068 3626 nullosque
1086 3559 1277 3609 inveni!
1284 3573 1395 3608 mo-

369 3636 508 3686 libus
528 3638 685 3701 ignea
707 3635 929 3689 Lenzius
943 3645 1111 3705 putat,
1126 3652 1236 3687 voc.
1257 3637 1394 3700 1⁰58&

370 3711 566 3782 duplici
602 3730 757 3765 sensu
792 3714 1020 3784 positum
1059 3730 1168 3765 esse
1193 3750 1210 3779 ,
1240 3711 1312 3764 ita
1334 3721 1395 3765 ut

366 3794 506 3843 moti
518 3792 663 3855 ignes
676 3788 782 3842 sint
803 3790 1000 3843 interni
1021 3790 1169 3858 ignes
1185 3805 1396 3844 veneno

369 3863 551 3920 effecti
569 3902 585 3929 ‚
626 3882 756 3932 quos
780 3866 940 3919 Furia
963 3868 1164 3933 &nibus
1180 3905 1194 3928 ‚
1222 3864 1397 3933 jacta-

372 3945 524 3999 tione
557 3943 674 3997 satis
697 3982 713 4011 ,
752 3945 914 4014 magis
963 3945 1275 3998 excitaverit.
1308 3944 1398 3998 si-

374 4020 578 4075 militer
600 4021 753 4075 Rode
775 4061 790 4088 ,
824 4024 936 4075 aad
949 4025 1225 4091 eustanum!
1240 4024 1397 4076 dnn-b

374 4102 462 4154 die.-
483 4103 709 4154 sedulle
740 4103 1017 4170 Βενιαμεῖ
1033 4104 1117 4156 dei·
1137 4104 1297 4155 sehon
1319 4106 1395 4155 Io-

380 4180 564 4234 demle
582 4182 807 4234 Hamae
825 4184 952 4236 noch
978 4185 1129 4237 mbr.
1149 4182 1244 4237 Me
1271 4202 1398 4238 vero

1484 1852 1596 1887 non
1615 1834 1836 1903 poenitet
1857 1831 2096 1903 amplecti
2117 1827 2504 1901 interpretatio·

1486 1932 1613 1967 nem
1629 1913 1724 1965 viri
1750 1912 1888 1966 docti
1908 1912 1964 1964 in
1984 1908 2309 1964 Bibliotheca
2326 1908 2504 1978 Figur.

1487 2011 1549 2045 ex
1572 2009 1673 2060 qua
1696 1991 1835 2044 orbis
1861 1990 1946 2043 ille
1978 1988 2263 2043 continuus
2281 2026 2297 2052 ‚
2341 2005 2499 2054 quem

1483 2072 1633 2142 ignes
1655 2069 1896 2125 celeriter
1935 2069 2067 2121 moti
2106 2069 2163 2120 in
2197 2084 2316 2120 aere
2341 2065 2508 2119 sacie-

1485 2149 1616 2203 bant
1634 2188 1650 2215 ‚
1675 2149 1836 2202 oculis
1859 2147 2147 2216 subiicitur.
2172 2145 2401 2212 Propter
2417 2161 2507 2196 ce-

1485 2228 1748 2281 leritatem
1786 2237 1963 2280 motus
1983 2223 2218 2279 scintilla
2251 2242 2307 2276 se
2343 2221 2502 2275 ride-

1485 2307 1681 2360 bantur
1704 2306 1959 2376 attingere
1982 2313 2039 2356 et
2061 2302 2377 2357 continuum
2401 2319 2500 2353 or-

1485 2384 1611 2438 bem
1635 2384 1804 2437 facere
1823 2423 1838 2450 ‚
1864 2380 2314 2452 quemadmodum
2337 2397 2508 2450 pruna

1486 2463 1543 2516 in
1567 2462 1798 2516 tenebris
1813 2460 2057 2514 celeriter
2079 2459 2392 2513 circumacta
2414 2455 2509 2510 cir-

1485 2541 1664 2596 culum
1687 2540 1912 2610 ignitum
1936 2538 2097 2592 oculis
2124 2535 2318 2606 objicit.
2344 2534 2509 2589 Simi-

1483 2622 1608 2677 liter
1629 2620 1767 2691 apud
1795 2617 2151 2673 Claudianum
2176 2655 2193 2684 ,
2237 2615 2303 2668 R.
2328 2614 2391 2666 P.
2420 2629 2468 2666 11
2493 2652 2509 2678 ,

1487 2704 1552 2754 25
1573 2742 1586 2762 ‚
1617 2698 1761 2753 basta
1787 2716 1946 2768 quam
1971 2696 2221 2750 Minerva
2242 2694 2300 2746 in
2324 2711 2510 2765 gyrum

1484 2787 1686 2845 movet,
1704 2779 2019 2830 instatse‘leae
2032 2777 2200 2834 habet,
2228 2771 2350 2841 quia
2363 2770 2508 2823 hasta

1485 2857 1642 2912 celeri
1667 2867 1815 2910 motu
1839 2853 1984 2925 quasi
1998 2850 2391 2921 multiplicatur.
2413 2848 2505 2901 ln-

1486 2934 1696 3004 geniose
1722 2933 1940 3003 quidem
1972 2930 2123 2984 illum
2149 2927 2337 2980 orbem
2360 2934 2510 2977 nota-

1485 3014 1591 3080 vit,
1616 3013 1706 3067 sed
1737 3012 1912 3067 alieno
1937 3011 2069 3065 loco.

1555 3097 1668 3165 ⁵09·
1692 3097 1851 3145 Jusse'
1862 3095 2046 3158 potens
2069 3128 2083 3150 ,
2126 3095 2405 3157 postquam
2431 3086 2514 3138 es-

1486 3171 1681 3224 secerat
1702 3208 1718 3235 ,
1753 3166 1895 3237 quod
1920 3167 2014 3235 ipsi
2039 3166 2240 3233 jussum
2264 3174 2393 3218 erat.
2422 3163 2512 3217 Sic

1487 3251 1821 3314 wlipoleas}
1854 3242 1920 3296 de
1945 3260 2051 3311 quo
2077 3241 2140 3296 ad
2165 3261 2294 3296 vers.
2312 3242 2427 3295 325.
2446 3270 2511 3282 —·

1488 3329 1707 3385 Inane'a,
1735 3324 1794 3375 in
1830 3323 2019 3391 quibus
2058 3341 2168 3376 non
2200 3322 2299 3376 nisi
2331 3323 2515 3375 inanes

1489 3402 1693 3457 umbroe
1714 3401 2006 3454 versantur.
2030 3397 2215 3470 virgil.
2240 3400 2367 3453 AEn.
2390 3399 2507 3466 v1,

1493 3482 1591 3555 269
1615 3499 1636 3534 ·:
1664 3482 1858 3549 Perque
1893 3481 2068 3534 domos
2100 3482 2246 3533 Dim
2283 3497 2475 3531 vacuas
2497 3520 2511 3543 ,

1487 3565 1542 3611 et
1560 3560 1739 3611 manta
1756 3574 1922 3625 regna.
1938 3585 2005 3604 -ι
2016 3559 2342 3626 Ηεεὼςίίση
2355 3554 2510 3608 ‘domi

1495 3635 1745 3690 mulieres
1765 3635 2016 3689 sedebant
2042 3634 2318 3690 discincta

1557 3719 1670 3769 511.
1704 3717 1943 3769 Pmleiws
1978 3718 2206 3769 AEblides
2246 3725 2345 3768 etc.
2377 3714 2503 3768 Jam

1491 3792 1556 3847 ad
1579 3793 1679 3846 sab.
1702 3793 1867 3864 ipsam
1889 3792 2043 3847 redit.
2068 3793 2265 3867 Hygin.
2288 3793 2390 3847 sab.
2413 3811 2474 3848 Π
2489 3832 2506 3861 ,

1490 3890 1552 3925 ex
1592 3870 1843 3940 Euripide
1883 3882 2062 3925 narrat
2078 3911 2094 3938 ‚
2135 3871 2191 3924 in
2223 3871 2503 3926 venatione

1490 3950 1662 4004 fitium
1687 3951 1751 4004 ab
1778 3949 2098 4005 Athamante
2129 3971 2237 4006 esse
2259 3952 2510 4005 intersec-

1489 4038 1618 4083 tum.
1660 4028 1818 4100 Apud
1867 4029 2251 4101 Apollodorum
2278 4068 2293 4096 ,
2337 4028 2508 4081 filium

1487 4125 1584 4176 pro
1604 4125 1759 4160 cervo
1780 4106 1951 4162 habet.
1993 4108 2042 4162 A
2070 4108 2268 4165 Nostro
2292 4104 2430 4157 Fast.
2456 4101 2508 4154 d.

1487 4184 1521 4238 l.
1560 4188 1725 4254 e‘enago
1745 4183 1900 4253 salsa
1926 4194 2134 4238 tantum
2168 4195 2507 4235 commemo-
