2975 4784
1261 188 1510 203 οοοοο

404 483 579 559 „2-
706 482 715 489 -
883 416 984 501 ··³
1288 453 1841 523 PRAEFArlo

450 566 662 693 :rago
686 594 857 670 facta
879 613 982 670 est
1008 622 1161 697 pars
1185 623 1328 669 non
1359 596 1594 697 exigua
1621 593 2014 670 eruditionis
2052 593 2461 682 Grannmm,
2494 621 2623 694 qua

504 727 750 828 passim
791 754 1020 801 omnes
1054 753 1265 827 prope
1299 725 1690 826 scriptores,
1721 724 2152 827 philosophi,
2187 723 2479 826 physici,
2516 751 2624 797 as-

502 857 793 931 tronomi
812 914 832 947 ,
870 856 1230 959 geographi
1277 856 1352 930 in
1393 885 1533 932 rem
1565 885 1754 933 suam
1803 874 1963 930 sunt
2004 855 2111 929 usi
2141 885 2160 930 ε
2194 872 2393 956 atque
2427 854 2623 930 etiam

495 988 774 1064 artifices
807 989 1072 1091 mythos
1104 988 1423 1090 operibus
1451 989 1592 1062 suis
1623 1004 2109 1090 expresserunt.
2147 990 2185 1028 *

597 1121 993 1197 Persuasum
1014 1136 1156 1196 erat
1183 1119 1463 1207 Graecis,
1487 1146 1688 1221 posse
1715 1120 1897 1193 Deos
1920 1119 2166 1216 figuras
2199 1119 2453 1194 dare-et
2484 1119 2628 1194 adi-

496 1280 715 1339 mere;
774 1250 974 1353 idque
1006 1250 1241 1325 crebro
1273 1277 1414 1324 esse
1448 1249 1534 1324 ab
1572 1250 1655 1324 iis
1686 1248 1935 1325 factum
1957 1305 1978 1337 ,
2028 1268 2107 1323 ut
2146 1249 2249 1324 vel
2291 1251 2363 1322 in
2395 1268 2625 1325 sontes

496 1383 1108 1472 animadverterent,
1132 1382 1234 1457 vel
1259 1381 1727 1458 laborantibus
1750 1400 2206 1457 succurrerent
2229 1413 2245 1455 :
2267 1411 2464 1484 quam
2486 1386 2628 1486 opi-

497 1516 770 1591 nionem
803 1542 842 1587 a
875 1513 1333 1589 sacerdotibus
1353 1570 1371 1602 ,
1420 1513 1594 1588 fictis
1640 1512 1950 1616 pluribus
1997 1511 2346 1614 exemplis,
2382 1513 2626 1589 confir-

499 1667 743 1725 matam
778 1677 920 1723 esse
955 1648 1289 1750 latiusque
1317 1676 1614 1751 sparsam
1648 1649 2009 1725 admodum
2032 1666 2134 1725 est
2159 1648 2496 1725 credibile.
2516 1650 2628 1724 Sic

495 1782 744 1882 mythis
767 1779 967 1855 illatae
986 1798 1147 1855 sunt
1168 1780 1693 1880 metoenmphoses,
1723 1790 1872 1881 quic
1892 1781 2257 1881 phantasiae
2279 1800 2629 1882 poetarum

495 1910 705 1986 latum
728 1940 1034 2013 campum
1060 1910 1615 2013 praesternebant,
1647 1940 1855 2012 quum
1885 1909 1986 1984 illi
2005 1928 2087 1987 ·et
2107 1910 2407 2008 vulgatas
2435 1942 2630 1988 exor-

498 2063 738 2119 narent
769 2044 1247 2145 ingenioseque
1274 2043 1638 2132 variarent,
1665 2057 1743 2116 et
1778 2071 1817 2118 a
1849 2071 1919 2118 se
1952 2044 2250 2119 inventas
2285 2044 2622 2120 adderent.

496 2174 865 2250 Shnom'dem
901 2175 1175 2274 quidem
1194 2174 1482 2249 carmine
1515 2172 1752 2248 lusisse
1787 2174 2031 2248 scimus
2051 2229 2072 2261 ,
2107 2202 2241 2274 quo
2272 2174 2626 2251 mulierum

499 2305 795 2402 origines
823 2332 951 2406 pro
980 2302 1239 2403 ingenii
1265 2316 1507 2385 'natura
1534 2303 1731 2409 variis
1763 2332 1844 2380 ex
1875 2305 2079 2381 rebus
2113 2304 2484 2382 deducu-eu
2521 2310 2627 2383 Ex

498 2434 981 2538 antiquissimis
1012 2432 1215 2531 hujus
1249 2433 1514 2528 generis
1545 2433 1794 2533 mythis
1828 2433 2139 2509 Homerus
2164 2437 2526 2512 nonnullos
2559 2457 2630 2513 et

499 2566 813 2643 Hesiodus
846 2579 1211 2641 servarunt.
1260 2562 1465 2663 Apud
1500 2561 1690 2645 illum
1721 2562 1898 2637 enim
1928 2590 2069 2639 non
2100 2567 2307 2642 modo
2343 2570 2629 2647 Proteus

498 2698 916 2778 transformis
943 2695 1267 2785 occurrit,
1294 2696 1411 2771 sed
1433 2713 1502 2770 et
1521 2696 1720 2773 draco
1744 2696 2045 2796 quidam,
2065 2700 2289 2776 Niobe
2307 2718 2377 2776 et
2401 2702 2630 2776 Phaea-

501 2865 654 2911 cum
678 2833 865 2909 navis
888 2833 960 2906 in
982 2851 1169 2919 saxa,
1205 2829 1526 2907 Pandarei
1548 2848 1769 2907 antem
1791 2830 1928 2906 filia
1948 2834 2020 2907 in
2046 2832 2390 2911 lusciniam
2409 2856 2628 2911 trans-

498 2968 654 3042 iisse
683 2964 1019 3061 leguntur.
1049 2963 1134 3039 In
1165 2961 1878 3059 Hesiodi-Theogonis
1910 2983 2251 3067 nup-tato
2287 2968 2628 3066 Gorgonis

501 3098 718 3201 capite
754 3096 1089 3197 Chrysaor
1130 3111 1198 3169 et
1230 3094 1525 3191 Pegasus
1568 3096 1967 3197 prosiliunt,
2004 3115 2074 3173 et
2116 3099 2189 3173 in
2236 3100 2443 3176 altero
2486 3130 2631 3177 car-

503 3234 715 3323 mine,
740 3230 928 3335 quod
950 3231 1041 3307 ab
1060 3230 1408 3335 Operibus
1432 3232 1828 3334 inscriptum
1851 3250 1983 3322 est,
2012 3233 2373 3311 Pandionis
2397 3235 2532 3313 filia
2553 3238 2629 3311 in

501 3366 929 3445 hirundinem
950 3364 1476 3440 transformatur.
1490 3364 1716 3464 Atque
1732 3363 1906 3439 idem
1925 3363 2035 3440 ille
2049 3367 2124 3440 in
2141 3368 2463 3466 Catalogo
2483 3398 2633 3444 mu·-

504 3499 741 3575 lierum
776 3495 1123 3599 deperdito
1163 3495 1379 3570 multo
1412 3494 1709 3596 plurium
1741 3498 2363 3600 metamorphoseon
2401 3519 2636 3575 auctor

508 3631 739 3707 fuerat.
767 3631 920 3705 Hoc
948 3628 1154 3724 igitur
1175 3625 1559 3728 mythorum
1581 3655 1791 3723 genus
1817 3657 2022 3731 quum
2045 3647 2115 3704 et
2140 3631 2364 3731 ipsum
2385 3632 2635 3707 Graecis

508 3760 827 3864 placeret,
854 3776 934 3835 nt
960 3760 1079 3861 qui
1098 3758 1302 3835 rebus
1323 3757 1598 3834 ludicris
1619 3759 2036 3852 ducerentur,
2063 3762 2486 3865 prodiemnt,
2517 3767 2640 3867 qui
2729 3775 2738 3785 ‘

507 3894 582 3968 id
613 3911 1030 3991 segregatum
1058 3921 1099 3969 a
1130 3890 1406 3995 reliquis
1440 3906 1814 3969 tractarent.
1853 3892 2127 3971 Conima
2144 3895 2412 3989 mulier,
2450 3898 2642 3998 eujus

578 4112 608 4143 *
629 4108 773 4168 Vide
801 4114 996 4184 Hesm'e'
1012 4110 1322 4167 comment.
1346 4110 1412 4166 de
1444 4112 1647 4183 origine
1671 4124 1725 4168 et
1747 4115 1910 4170 causis
1931 4114 2069 4169 sabb.
2091 4114 2364 4168 Homer-ic.
2380 4154 2397 4182 ,
2421 4115 2479 4168 in
2504 4114 2639 4170 Nor.

518 4204 882 4262 Commium.
904 4203 1005 4260 vol.
1028 4203 1184 4259 vm.
1215 4203 1350 4258 Item
1368 4201 1676 4259 Comment.
1699 4204 1764 4258 de
1790 4204 2096 4275 Apollodori
2123 4205 2366 4260 Biblioth.
