2975 4784
571 320 699 404 450

1106 265 1201 381 ι).
1260 316 1615 384 ovum
1657 313 2104 387 NAsoms

573 461 854 556 Oravere
886 485 1047 531 suos
1075 456 1169 532 ire
1201 455 1282 530 ad
1319 455 1556 530 solatia
1581 484 1768 553 reges
1788 512 1808 544 ‚

567 577 950 674 Argosque,
988 588 1053 644 et
1087 571 1360 673 Sparte,
1397 571 1958 672 Pelopeiadesque
1988 571 2285 673 Mycenae
2308 629 2327 660 ,

568 693 658 763 Et
689 687 986 763 nondum
1019 705 1221 764 torvae
1253 687 1551 790 Calydon
1584 688 1792 764 invisa
1826 687 2093 778 Diana,

2582 715 2681 781 415

569 805 1162 905 Orchomenosque
1197 804 1412 892 ferax,
1448 821 1531 880 et·
1546 802 1795 879 nobilis
1827 833 1954 880 aere
1986 805 2351 902 Corinthos
2371 860 2391 892 ‚

567 924 1002 1022 Messeneque
1034 921 1216 996 ferox
1240 975 1259 1008 ‚
1301 921 1644 1021 Patraeque
1665 976 1684 1006 ‚
1719 916 2138 1020 humilesque
2174 919 2479 1008 Cleonae,

559 1128 792 1164 sororem
829 1107 1110 1162 advexisset
1127 1149 1141 1176 ,
1178 1108 1411 1178 primum
1450 1128 1570 1166 eam

556 1189 730 1254 vitiat,
756 1207 876 1242 mox
891 1226 907 1253 ,
931 1208 1000 1243 ne
1019 1198 1170 1257 turpe
1185 1187 1444 1257 flagitium
1467 1188 1570 1241 elo-

561 1266 648 1335 qui
664 1276 850 1334 posset,
868 1266 1100 1336 linguam
1112 1265 1159 1318 ei
1173 1276 1388 1320 exsecat.
1403 1267 1569 1321 Proc-

558 1363 625 1398 ne
641 1382 656 1410 ,
680 1363 738 1396 re
754 1343 957 1413 cognita
974 1382 989 1409 ,
1010 1342 1151 1396 addit
1163 1342 1344 1396 sceleri
1368 1343 1531 1397 scelus
1550 1362 1564 1408 ς

559 1422 682 1494 Ityn
718 1422 863 1475 enim
895 1421 1063 1475 filium
1094 1421 1430 1476 intersectum
1462 1442 1567 1492 ap-

557 1501 707 1571 ponit
731 1500 919 1554 Tereo.
953 1500 1003 1553 Is
1025 1518 1192 1569 quum
1211 1500 1493 1572 coniugem
1514 1511 1568 1555 et

556 1597 792 1631 sororem
816 1588 1243 1648 persequeretur,
1270 1576 1356 1630 illa
1382 1589 1568 1631 muta-

559 1667 645 1709 tur
667 1656 723 1709 in
745 1654 1128 1719 hirundinem,
1176 1655 1286 1712 hec
1319 1655 1375 1708 in
1400 1654 1567 1710 lusci-

555 1734 738 1799 niam,
777 1733 883 1803 ipse
924 1732 978 1785 in
1020 1751 1267 1801 upupam.
1313 1732 1564 1786 Fabulam

558 1821 907 1871 tractaverant
935 1809 1164 1880 AEschyl.
1190 1820 1243 1862 et
1269 1810 1568 1878 Sophocles.

557 1887 784 1957 Respicit
804 1906 920 1940 eam
950 1887 1109 1939 etiam
1133 1884 1428 1953 Hesiodus,
1457 1879 1566 1956 ἔῃ.

556 1967 670 2019 568.
696 1964 899 2018 Confer
922 1964 1145 2018 Pausan.
1183 1962 1340 2017 Attic.
1367 1983 1418 2032 p.
1466 1966 1564 2030 13,

562 2062 690 2109 ιοο;
732 2043 891 2098 Phoc.
918 2063 969 2112 p.
999 2044 1129 2110 807·
1117 2082 1132 2106 ,
1165 2041 1407 2111 Apollod.
1438 2042 1565 2109 111,

555 2138 683 2188 m,
717 2122 783 2184 8;
822 2118 1059 2175 Eustath.
1097 2118 1164 2174 ad
1202 2118 1309 2176 Od.
1345 2140 1396 2189 p.
1433 2140 1566 2192 7¹⁰³

555 2198 730 2251 Tsets.
757 2194 897 2250 Chil.
920 2197 1028 2250 vn
1047 2236 1064 2263 ,
1096 2199 1216 2264 14a;
1241 2197 1439 2268 Hygia.
1463 2198 1567 2256 fab.

552 2279 631 2342 45.
669 2275 951 2330 Diversum
977 2275 1221 2347 mythum
1247 2276 1302 2332 in
1327 2276 1471 2333 suavi
1493 2277 1568 2332 si-

553 2351 851 2406 militudine
872 2362 1132 2406 memorat
1152 2353 1442 2419 Homerus,
1457 2351 1565 2408 od.

555 2431 625 2496 T,
651 2434 780 2496 518,
806 2430 894 2484 ubi
922 2429 1180 2484 Pandarei
1204 2429 1309 2486 filia
1329 2429 1386 2484 in
1410 2430 1568 2486 lusci·-

550 2508 695 2562 niam
732 2518 934 2562 mutata
966 2507 1108 2576 luget
1136 2507 1340 2580 Itylum
1359 2507 1527 2564 filium
1547 2547 1565 2576 ,

551 2605 710 2657 quem
732 2586 1042 2657 imprudens
1067 2605 1168 2642 ere.
1196 2587 1471 2652 interfecit,
1501 2587 1564 2641 In

550 2666 648 2720 alia
660 2665 890 2722 discessit
902 2664 1062 2718 etiam
1080 2665 1255 2720 Boeus
1277 2664 1418 2734 apud
1445 2664 1567 2718 An-

555 2754 663 2798 ton.
682 2742 796 2796 Lib.
814 2761 925 2811 cap.
954 2762 1029 2796 ιι.
1049 2742 1126 2796 Ex
1143 2753 1323 2795 mente
1342 2743 1566 2796 Pausan.

549 2822 751 2886 Tereus
773 2820 882 2889 ipse
904 2828 1134 2873 mortem
1157 2818 1254 2871 sibi
1279 2818 1563 2886 conscivit,

436 2896 446 2906 '
551 2910 603 2953 et
623 2899 678 2952 in
699 2896 902 2952 tumulo
931 2897 1046 2964 ejus
1070 2895 1239 2964 prima
1263 2914 1436 2964 upupa
1457 2896 1567 2949 visa

550 2988 642 3031 est.
672 2974 923 3030 Mulieres
946 2984 1125 3027 autem
1143 3010 1159 3037 ,
1184 2989 1302 3039 quo
1328 2972 1565 3028 Athenas

550 3057 829 3123 sugerunt,
851 3052 1024 3119 ibique
1044 3068 1150 3119 pra
1165 3047 1345 3106 dolore
1368 3061 1565 3104 coum-

550 3131 815 3197 buerunt,
850 3131 906 3184 in
928 3126 1272 3186 hirundinem
1308 3137 1366 3180 et
1397 3126 1565 3184 lusci-

551 3209 694 3263 niam
718 3219 933 3264 mutata
951 3205 1244 3262 creduntur
1264 3245 1280 3272 ,
1316 3205 1456 3275 quod
1482 3205 1565 3262 ba

549 3304 666 3339 aves
689 3295 873 3340 cantus
896 3284 1214 3342 miserabiles
1231 3294 1284 3342 et
1301 3283 1564 3340 luctuosos

551 3363 733 3507 ²323·
756 3441 853 3493 Ad
876 3442 1094 3502 solania,
1131 3437 1324 3498 scilicet
1352 3436 1560 3505 danda,

547 3517 688 3572 irent
723 3515 1065 3570 consolatum.
1112 3515 1283 3570 Simili
1340 3514 1563 3570 transitu

547 3595 656 3661 iam
681 3613 803 3648 usus
830 3604 909 3648 est
927 3631 943 3658 ,
981 3593 1009 3646 1
1027 3632 1042 3658 ,
1072 3594 1183 3662 577.
1206 3593 1361 3647 Tales
1383 3603 1563 3646 autem

547 3674 760 3730 urbium
778 3672 995 3743 catalogi
1019 3670 1207 3741 passim
1237 3672 1561 3728 inseruntur.

608 3755 721 3819 4ι4.
767 3753 1012 3823 ᾹῙῙαπω·
1037 3760 1324 3804 tenuerunt
1353 3755 1560 3818 Pelopis

542 3830 756 3896 posteri,
776 3828 1121 3901 Eurystheus,
1141 3827 1560 3900 Atreus,'1'byes-

542 3915 621 3958 tes
636 3943 652 3970 ,
677 3905 1063 3975 Agamemnon.
1086 3907 1284 3975 Argos,
1311 3908 1484 3973 Sparte
1505 3917 1561 3962 et

542 3983 768 4053 lsycenae
782 3985 942 4038 etiam
958 3987 1021 4040 ab
1041 3986 1283 4039 Homero
1295 3994 1349 4038 et
1370 3985 1433 4038 ab
1447 3984 1561 4039 aliis

536 4061 609 4120 sic
649 4079 758 4145 qno
789 4082 945 4117 versu
982 4061 1508 4134 comprehenduntur
1535 4103 1552 4132 ,

1670 1107 1918 1177 quoniam
1954 1107 2035 1161 hae
2061 1119 2165 1163 tres
2195 1109 2349 1163 urbes
2383 1110 2581 1164 Junoni
2618 1114 2673 1165 in

1667 1186 1848 1255 primis
1864 1186 2314 1257 cara—Calydon
2327 1228 2343 1247 ‚
2372 1187 2571 1241 AEtolioe
2587 1208 2674 1258 op·

1666 1264 1851 1336 pidum
1868 1305 1883 1331 ,
1920 1265 1974 1318 in
2000 1284 2105 1334 quo
2127 1268 2309 1320 Diana
2333 1266 2548 1335 Laphria
2566 1287 2673 1338 po·-

1665 1344 1921 1398 tissimum
1958 1343 2240 1396 colebatur.
2282 1343 2414 1412 Ejus
2448 1343 2573 1397 Dee
2594 1345 2671 1397 si-

1666 1441 1831 1492 gnum
1851 1421 2190 1475 memorabile
2218 1422 2484 1492 Augustus
2496 1423 2671 1476 subla-

1666 1511 1781 1554 tum
1821 1500 2159 1555 Patrensibus
2190 1499 2420 1554 donavit.
2455 1502 2667 1555 Pausan.

1665 1578 1893 1631 Messen.
1910 1597 1957 1647 p.
1973 1579 2097 1648 3573
2121 1576 2394 1647 Admiep.
2413 1578 2668 1651 5⁸3qu

1664 1654 1906 1707 nondum
1922 1659 2092 1707 inulta
2108 1663 2271 1714 torva.
2296 1654 2458 1720 irata,
2478 1657 2666 1708 stine.

1664 1731 1803 1785 Vide
1830 1731 1895 1785 ad
1924 1730 2229 1802 V111,272
2253 1748 2363 1801 sqq.
2391 1731 2664 1797 Similiter,

1666 1810 1911 1882 Il,219,
1941 1771 2159 1862 nondius
2188 1811 2441 1876 OEagrins.

1677 1886 1846 1953 “4ι6.
1887 1888 2239 1940 Orchomenos.
2273 1885 2406 1940 Du:
2438 1887 2621 1940 suere
2605 1908 2659 1939 m

1664 1962 1866 2018 Gracia
1886 1961 2045 2030 hujus
2061 1963 2292 2017 nominis
2306 1963 2456 2015 urbes
2469 2002 2485 2026 ,
2504 1962 2662 2015 altera

1660 2037 1717 2094 in
1746 2037 1967 2092 Arcadia
1983 2076 1998 2103 ,
2034 2038 2198 2096 altera
2224 2040 2279 2093 in
2304 2039 2494 2092 Boeotia
2513 2076 2530 2103 ‚
2555 2037 2663 2092 Or-

1659 2113 1946 2170 chomenos
1969 2115 2212 2187 Minyeia
2235 2114 2384 2178 dicta.
2406 2115 2663 2184 Equidem

1659 2210 1783 2245 cum
1816 2191 2033 2264 Micyllo
2068 2201 2121 2245 et
2153 2192 2466 2245 Burmanno
2501 2201 2629 2260 puto
2648 2230 2664 2254 ,

1667 2271 1925 2328 Ovidium
1948 2271 2255 2327 Arcadicum
2277 2272 2333 2325 in
2358 2283 2535 2326 mente
2566 2271 2666 2325 ba·-

1659 2350 1830 2405 buisse
1843 2389 1860 2416 ,
1883 2351 2034 2420 cujus
2055 2350 2183 2404 situs
2200 2361 2256 2403 et
2272 2348 2666 2403 ¹memorabiliaa

1662 2423 1919 2481 Pausania
1941 2466 1955 2493 ,
1992 2426 2181 2480 Art-ad.
2218 2447 2269 2496 p.
2300 2427 2437 2494 626,
2472 2424 2663 2480 desesi—

1658 2503 1871 2560 buntur.
1889 2506 1972 2559 Ab
1993 2505 2257 2573 Homer-0,
2273 2506 2334 2560 ll.
2351 2506 2419 2572 Β,
2432 2506 2529 2560 Boo
2540 2543 2558 2572 ,
2575 2523 2671 2555 vo·-

1658 2594 1808 2646 catur
1828 2589 2078 2653 πολύμηλκ
2092 2606 2109 2648 3
2125 2604 2155 2637 a
2178 2583 2434 2652 Pindaro,
2453 2583 2667 2656 olymp.

1661 2660 1768 2715 Od.
1792 2661 1948 2726 XIV,
1975 2664 2041 2729 4,
2066 2665 2264 2738 λιπαρὰς
2297 2662 2362 2716 ab
2390 2661 2668 2732 Apollonio

1660 2738 1907 2806 Rhodie,
1934 2739 2020 2798 Ill
2041 2779 2058 2807 ,
2083 2743 2179 2794 512
2200 2778 2217 2806 ,
2250 2741 2442 2808 ἆγνεὶς,
2471 2749 2525 2792 et
2550 2738 2675 2792 binc

1659 2834 1690 2869 a
1714 2817 1909 2870 Nostro
1927 2855 1944 2883 ,
1960 2817 2138 2884 strat.
2172 2844 2239 2857 ——
2258 2819 2458 2871 Nomis
2483 2836 2588 2868 m.
2612 2816 2675 2869 si

1658 2914 1728 2947 es
1744 2897 2053 2952 Cbrtislhium
2065 2915 2187 2950 casu
2200 2907 2377 2950 ortum
2389 2906 2482 2961 est,
2504 2915 2675 2964 quum

1661 2970 1784 3026 urbs
1807 2989 1838 3023 a
1861 2970 2132 3026 Mummio
2152 2984 2474 3027 cremaretur
2496 2973 2675 3040 (Flor.

1664 3049 1720 3106 Π
1736 3090 1752 3117 ,
1781 3049 1842 3104 ι6
1858 3050 1881 3114 )
1898 3088 1916 3114 ,
1944 3049 2213 3118 quomodo
2229 3050 2339 3119 iam
2362 3061 2475 3105 tum
2492 3054 2678 3104 nobilis

1657 3144 1752 3176 ere
1776 3144 1885 3179 esse
1925 3125 2140 3195 potuit?
2180 3127 2370 3196 Neque
2407 3147 2436 3181 e
2470 3128 2670 3181 veriore

1657 3202 1862 3258 ratione
1885 3222 2072 3256 eorum
2097 3242 2111 3269 ,
2155 3205 2245 3274 qui
2276 3205 2368 3259 diu
2403 3216 2526 3260 ante
2554 3204 2676 3260 co-

1655 3277 1821 3334 rinthi
1841 3279 2098 3336 excidium
2122 3292 2233 3334 arte
2250 3292 2525 3351 repertum
2548 3284 2675 3336 illud

1657 3373 1726 3409 ωε
1746 3356 2057 3426 censebant,
2081 3356 2281 3412 Plinius
2295 3398 2311 3425 ,
2330 3359 2592 3427 XXXIV,
2614 3381 2674 3424 a,

1656 3432 1746 3490 illo
1787 3444 2025 3504 tempore
2064 3434 2137 3488 sic
2169 3434 2269 3490 dici
2300 3448 2503 3507 poterat
2527 3459 2544 3503 ς
2582 3438 2677 3492 sed

1657 3516 1850 3572 Noster
1871 3535 1970 3572 suo
2002 3536 2149 3574 more
2176 3537 2298 3572 eam
2331 3518 2619 3590 designavit
2644 3539 2677 3571 a

1656 3615 1715 3650 re
1730 3635 1747 3664 ,
1773 3615 1875 3666 qua
1899 3608 2075 3665 postea
2102 3596 2324 3652 demum
2348 3598 2609 3652 inclaruit.

1720 3676 1832 3741 4¹7·
1863 3674 2028 3727 Ferox
2050 3672 2118 3728 ob
2140 3686 2377 3744 suscepta
2402 3676 2559 3729 toties
2578 3694 2673 3744 pto

1654 3750 1898 3808 libertate
1925 3752 2095 3814 bellu
2131 3765 2184 3807 et
2218 3773 2284 3809 ne
2310 3756 2433 3809 victi
2457 3755 2672 3824 quidem

1655 3831 1905 3886 Messenii
1931 3833 2205 3902 aliquoties
2229 3832 2434 3888 donus-i
2468 3846 2667 3904 ponie-

1653 3922 1797 3965 runt.
1818 3939 1885 3954 ·-
1911 3914 2108 3966 Cleon
2131 3913 2245 3969 situ
2280 3915 2423 3970 inter
2459 3912 2673 3967 Corin-

1653 3986 1806 4040 tbum
1841 3998 1895 4041 et
1936 3989 2120 4058 Argus.
2162 3992 2429 4052 numm,
2478 4007 2670 4058 parw-

1655 4064 1963 4132 Pausanias,
1995 4064 2237 4122 Corinth.
2253 4087 2307 4138 p.
2323 4071 2443 4137 ιβ,
2465 4075 2585 4126 ιιὶις
2612 4073 2663 4123 οἱ
