2975 4784
484 379 530 424 x

486 503 854 579 vincentem
884 518 1324 597 agnoverant,
1364 500 1765 603 quicumque
1795 502 2030 579 Latine
2073 504 2312 577 sciunt.
2360 504 2493 579 Sed
2536 535 2615 580 ex

487 633 597 708 his
632 661 774 735 quae
805 632 1123 734 praemisit
1150 630 1653 706 Commentariis
1689 631 1758 704 in
1789 631 2154 706 Heroidum
2183 633 2521 735 Epistulas
2552 652 2619 709 et

487 765 832 839 Amatoria
856 764 1175 852 Nasonis,
1205 763 1363 837 satis
1395 742 1725 864 superque
1751 762 1877 837 tibi
1913 763 2241 852 innotuit,
2271 767 2612 840 LECTOR

488 902 1116 972 CANDIDISSIME
1143 954 1163 985 ,
1223 915 1545 998 quantum
1597 896 1698 970 illi
1752 925 1922 971 onus
1977 898 2392 973 incumberet
2418 961 2438 991 ,
2499 900 2613 1001 qui

489 1045 672 1103 totos
702 1028 1015 1102 Ovidiani
1050 1028 1336 1128 aequoris
1378 1045 1626 1102 tractus
1660 1026 1944 1124 relegere
1985 1028 2113 1103 sibi
2149 1031 2613 1131 proposuerit;

491 1161 607 1262 qui
637 1178 901 1262 poetam
931 1160 1225 1234 omnium
1256 1188 1428 1260 quos
1457 1159 1722 1234 noveris
1741 1215 1761 1248 ,
1795 1188 2016 1235 rerum
2049 1161 2349 1237 ubertate
2381 1148 2616 1265 copio-

488 1291 817 1366 sissimum
836 1347 855 1379 ‚
892 1291 1204 1365 varietate
1229 1307 1770 1385 argumentorum
1797 1308 1863 1365 et
1887 1291 2032 1391 ipsa
2059 1292 2378 1367 tractandi
2403 1292 2616 1368 felici-

490 1441 621 1498 tate
646 1423 816 1498 nulli
844 1422 1238 1512 secundum,
1271 1424 1528 1497 cunctis
1558 1422 1689 1498 fere
1713 1424 2034 1525 priorem,
2066 1426 2614 1501 commentatione

490 1589 659 1635 nova
691 1560 1152 1635 illustrandum
1190 1562 1572 1663 susceperit.
1610 1564 1693 1635 In
1727 1562 1845 1636 illo
1882 1563 2128 1664 quippe
2151 1619 2170 1652 ‚
2211 1565 2328 1665 qui
2361 1581 2616 1639 tantum

490 1714 663 1787 opus
701 1685 785 1759 ad
826 1685 1075 1759 exitum
1115 1685 1403 1760 voluerit
1447 1687 1808 1788 perducere
1830 1744 1849 1778 ,
1898 1688 2162 1783 vigeant
2203 1717 2470 1765 necesse
2517 1707 2616 1765 est

486 1836 554 1893 et
583 1819 1004 1920 conspirent,
1041 1846 1180 1892 non
1196 1812 1413 1895 ,modo
1450 1821 1776 1922 quidquid
1816 1820 2157 1896 literarum
2192 1824 2615 1924 antiquarum

485 1983 649 2028 usus
674 1954 1013 2028 familiaris
1041 1970 1108 2027 et
1134 1954 1323 2054 quasi
1355 1954 1818 2055 quotidianus,
1853 1954 2121 2030 roboris
2152 1974 2218 2033 et
2244 1957 2617 2031 ornamenti

488 2089 569 2162 ad
604 2087 1036 2164 excolendum
1075 2087 1414 2194 ingenium
1458 2086 1755 2162 conferre
1792 2089 2132 2189 potuerit3
2180 2090 2504 2192 quidquid
2535 2118 2615 2164 ex

489 2222 750 2297 assidua
782 2223 851 2296 in
886 2222 1133 2297 vicinas
1168 2222 1469 2317 regiones
1505 2222 2035 2323 peregrinatione
2075 2222 2506 2323 importatum
2544 2223 2614 2296 in

486 2355 584 2429 rei
634 2372 880 2429 nostrae
922 2353 1273 2430 utilitatem
1312 2353 1720 2443 effloruerit;
1771 2353 1887 2427 sed
1933 2370 2001 2428 et
2045 2355 2305 2428 accedat
2347 2384 2618 2456 quoque

486 2505 753 2590 oportet
772 2544 791 2578 ,
838 2488 1138 2589 corporis
1170 2486 1478 2561 valetudo
1501 2543 1520 2575 ,
1568 2514 1714 2587 quae
1746 2487 1816 2559 in
1850 2513 2048 2587 opere
2083 2502 2216 2561 tam
2252 2485 2457 2582 longo
2506 2488 2616 2561 in-

489 2621 665 2717 genii
695 2620 865 2693 vires
890 2637 1257 2720 torpescere
1277 2674 1296 2706 ,
1325 2616 1429 2692 vel
1451 2617 1805 2692 hebescere
1836 2645 2108 2692 acumen
2140 2622 2277 2692 n'on
2302 2617 2613 2719 patiatur.

484 2755 654 2850 Quae
695 2750 752 2825 si
786 2751 925 2826 fato
962 2751 1252 2851 quodam
1284 2778 1432 2825 meo
1454 2806 1473 2839 ,
1516 2748 1588 2823 in
1621 2777 1759 2823 uno
1796 2749 2160 2850 eodemque
2194 2750 2340 2824 viro
2376 2777 2614 2825 conve-

483 2887 786 2973 nissent,
837 2884 1018 2958 hunc
1075 2913 1199 2980 ego
1251 2900 1715 2985 portentosum
1764 2883 2076 2985 quiddam
2105 2940 2125 2973 ‚
2175 2910 2375 2957 raram
2410 2885 2604 2969 avt‘tn,

483 3018 767 3119 nigroque
812 3015 1019 3124 Cycno
1059 3017 1427 3090 simiHimam
1466 3018 1757 3113 (Juven.
1792 3032 1911 3092 sat.
1947 3019 2043 3091 vl
2068 3073 2092 3106 ,
2137 3016 2362 3111 165),
2402 3016 2617 3091 dicere

480 3174 615 3223 non
655 3147 1109 3223 dubitaverim.

580 3279 1075 3353 Providendum
1110 3306 1269 3374 ergo
1309 3277 1473 3352 mihi
1518 3276 1681 3366 fuit,
1727 3294 1846 3366 ut,
1901 3296 2194 3354 cessante
2232 3280 2317 3354 ad
2352 3297 2614 3382 tempus

480 3408 732 3507 collega
764 3394 831 3484 et
855 3410 1101 3497 amico,
1138 3435 1333 3509 quem
1366 3425 1578 3499 totum
1603 3409 1770 3483 mihi
1797 3409 2089 3510 meisque
2118 3409 2426 3486 devotum
2448 3411 2616 3510 jam-

478 3542 733 3642 pridem
767 3542 1100 3643 experior,
1130 3528 1539 3643 memorique
1574 3541 1872 3638 gratulor
1899 3546 2118 3617 auimo
2137 3600 2156 3632 ,
2195 3542 2361 3618 alius
2388 3570 2616 3618 succe-

483 3674 667 3749 deret
693 3731 712 3765 ,
767 3676 885 3775 qui
915 3704 1053 3749 non
1083 3675 1295 3776 impar
1324 3673 1544 3749 labori
1574 3672 1844 3750 ferendo
1865 3730 1883 3763 ‚
1918 3674 2368 3750 conclamandi
2397 3674 2616 3749 locum

479 3824 857 3911 suppeteret
881 3808 1240 3884 lectoribus
1256 3837 1274 3897 ;
1298 3807 1514 3882 Prrimo
1528 3806 1738 3882 avulso
1749 3867 1768 3894 ,
1793 3836 1912 3882 non
1930 3808 2133 3911 dfict‘t
2149 3810 2312 3884 alter
2324 3810 2620 3885 Annus!

479 3942 665 4039 Virg.
698 3943 851 4017 AEn.
880 3944 978 4016 vl
999 3998 1018 4031 ,
1059 3940 1211 4036 143.
1242 3944 1381 4016 Nec
1412 3942 1729 4043 quaerenti
1757 3940 1870 4017 diu
1897 3941 2062 4017 mihi
2094 3939 2380 4016 occurrit
2403 3938 2622 4012 se'mih}

484 4105 761 4179 prorsus
792 4075 1029 4151 metalli
1054 4076 1191 4167 vir,
1232 4073 1333 4151 CI.
1372 4075 2003 4151 Gotth’eb-Erdmann
2045 4075 2147 4149 G1
2165 4088 2368 4147 121th
2388 4127 2408 4160 ,
2441 4072 2612 4146 Tre*-
