2975 4784
562 370 694 439 236

1098 374 1178 437 P.
1241 369 1611 441 OVIDII
1674 315 2133 440 NASONIS

556 503 837 610 Jamque
868 507 1007 583 dies
1036 536 1258 584 rerum
1292 511 1541 586 medias
1578 529 1992 586 contraxerat
2024 510 2330 599 umbras3

556 628 651 700 Et
678 625 795 700 Sol
833 655 912 700 ex
943 656 1133 728 aequo
1162 646 1337 703 meta
1370 627 1660 703 distabat
1693 647 2014 730 utraque3

2602 651 2701 721 145

557 742 793 838 Quum
821 741 1079 840 juvenis
1113 742 1379 844 placido
1412 771 1536 844 per
1571 742 1755 817 devia
1788 740 1998 817 lustra
2028 762 2337 841 vagantes

554 856 924 956 Participes
960 885 1238 959 operum
1274 856 1627 958 compellat
1661 858 1995 959 Hyantius
2030 888 2146 935 ore
2176 892 2194 934 ε

562 1004 601 1037 «
637 970 806 1045 Lina
836 973 1139 1061 madent,
1176 973 1480 1060 comites,
1516 970 1896 1073 ferrumque
1927 1002 2164 1049 cruore
2198 973 2482 1049 ferarum
2508 1030 2527 1063 ,

561 1120 600 1155 2>
638 1089 1133 1190 Fortunamque
1164 1087 1305 1162 dies
1336 1086 1577 1161 habuit
1606 1087 1765 1161 satis
1795 1118 1811 1160 ε
1840 1088 2046 1164 altera
2078 1090 2292 1165 lucem

560 1237 596 1268 »
637 1203 870 1299 Quum
904 1200 1150 1276 croceis
1185 1219 1401 1275 evecta
1433 1202 1602 1275 rotis
1636 1202 1899 1277 Aurora
1936 1203 2237 1293 reducet,

556 1400 583 1453 1
601 1437 616 1465 ‚
643 1400 740 1453 568
757 1439 773 1466 ,
808 1401 912 1452 Est
940 1417 1144 1463 nemun
1170 1400 1272 1465 IV,
1307 1398 1403 1465 43²
1421 1436 1435 1464 ,
1474 1399 1580 1450 Es!

553 1481 646 1529 via
665 1479 886 1530 dec-lieth.
929 1476 1003 1530 Et
1031 1476 1102 1530 ita
1127 1475 1443 1530 creberrime
1478 1474 1576 1527 in-

554 1555 756 1623 'cipiunt
767 1553 1139 1624 descriptiones
1162 1554 1415 1608 locorum.
1434 1551 1573 1605 Plin.

558 1634 638 1688 lx
657 1672 673 1700 ,
701 1633 798 1702 Ep.
826 1650 1007 1687 xxxul
1030 1672 1046 1701 ,
1086 1654 1115 1685 2
1143 1635 1282 1686 :Est
1308 1638 1364 1686 e’n
1384 1634 1574 1701 Aste'ca

554 1715 775 1765 colonia.
795 1739 863 1752 —
879 1713 1264 1780 Cedeserarum
1281 1750 1297 1778 ,
1318 1711 1571 1781 sanguiue

563 1810 818 1844 caesarum
846 1792 1096 1844 serarum.

628 1870 736 1936 144.
769 1872 901 1923 Dies
932 1870 1149 1939 ponitur
1163 1887 1261 1939 pro
1286 1868 1408 1922 Sole
1429 1907 1444 1934 ,
1486 1867 1579 1937 qui

560 1945 703 1999 diem
719 1946 871 2013 facit,
894 1957 950 2000 et
970 1946 1193 2000 vicissim
1208 1947 1305 2000 Sol
1317 1956 1406 1999 aut
1429 1947 1581 1998 Phe-

558 2026 653 2075 bus
677 2042 773 2093 pro
793 2022 895 2076 die.
917 2049 986 2064 ·-
1006 2021 1237 2085 Medias,
1267 2042 1329 2075 ex
1340 2039 1451 2075 uno
1472 2022 1579 2074 Pa-

555 2100 752 2167 latino,
787 2119 885 2170 pro
908 2103 1115 2154 medius.
1154 2128 1221 2140 —
1249 2098 1430 2154 Nostri
1457 2095 1580 2152 Co-

555 2176 695 2232 dices
720 2178 872 2249 Regii
892 2218 908 2245 ,
931 2181 1139 2231 medas.
1161 2204 1230 2219 -
1247 2179 1451 2231 Medias
1464 2196 1582 2230 nm-

556 2258 675 2308 bras
700 2255 903 2310 doctius
937 2274 1096 2326 quam
1117 2295 1133 2323 ,
1173 2256 1216 2310 si
1240 2258 1436 2309 medius
1468 2257 1596 2307 dies.

530 2327 539 2332 ¹
556 2332 778 2389 dixisset.
801 2335 989 2388 Manil.
1008 2335 1080 2400 Il,
1102 2335 1197 2408 796
1216 2337 1580 2403 :Declt'nalqae

556 2414 688 2464 diem
701 2451 717 2474 ‚
752 2414 1038 2482 mediasque
1064 2416 1332 2465 examina!
1359 2412 1578 2464 umbras.

558 2485 745 2543 Posset
769 2499 950 2544 tamen
973 2500 1027 2543 et
1049 2491 1244 2542 medius
1272 2486 1486 2541 defendi
1516 2506 1579 2540 ex

557 2568 678 2636 ΠΙ,
719 2568 834 2623 Art.
863 2570 975 2639 723.
996 2596 1064 2612 -
1092 2570 1241 2622 Mela
1269 2575 1504 2637 ultaque,
1547 2586 1579 2620 a

556 2661 707 2719 parte
723 2649 953 2704 finitoria
978 2649 1222 2704 orientali
1243 2659 1297 2703 et
1324 2646 1580 2702 occiden-

557 2727 647 2782 tali
673 2747 687 2781 z
710 2727 814 2782 vid.
832 2728 898 2782 ad
919 2729 974 2783 II
992 2768 1008 2796 ‚
1040 2732 1148 2796 ¹4²·

630 2809 739 2873 ¹47·
766 2808 1040 2878 Hyantia.
1063 2806 1246 2861 Codex
1271 2807 1469 2878 Regius
1495 2807 1543 2861 Α
1559 2846 1575 2874 ,

562 2886 827 2954 Cynthius.
867 2911 937 2924 -
972 2885 1233 2956 Hyanteos
1256 2925 1270 2947 ,
1319 2885 1536 2938 Boeotus
1561 2906 1576 2949 ;

559 2957 678 3012 vide
714 2958 780 3012 ad
815 2979 948 3013 vers.
980 2980 1038 3025 ¹3
1080 2959 1222 3013 unde
1243 2971 1299 3014 et
1325 2971 1575 3030 apparet,

559 3038 746 3093 melius
768 3051 978 3108 poetam
998 3040 1264 3095 dicturum
1280 3040 1454 3103 fuisse,
1472 3043 1578 3096 Ao-

557 3122 676 3171 m‘ns
698 3118 918 3183 sunnis.
966 3119 1037 3173 Et
1076 3138 1211 3190 sepe
1246 3121 1446 3176 Aonius
1479 3138 1579 3190 pro

560 3192 751 3247 Boeoto
791 3198 1050 3265 ponitur:
1085 3198 1205 3253 vide
1244 3197 1464 3254 Valken.
1512 3198 1577 3252 ad

560 3270 742 3340 Eurip.
758 3272 947 3328 Phoen.
966 3276 1083 3344 645.
1106 3277 1212 3331 Sed
1229 3288 1397 3347 poete
1414 3287 1579 3331 terras

562 3349 629 3403 ab
656 3350 1026 3420 antiquissimis
1063 3355 1242 3410 incolis
1280 3356 1577 3410 nominant.

562 3456 629 3471 --
657 3432 869 3498 Openun
887 3471 901 3493 ,
945 3443 1165 3488 venatus
1183 3473 1198 3500 ,
1223 3445 1282 3489 ut
1304 3452 1427 3487 mox
1443 3453 1579 3501 pm-

554 3512 778 3572 positum
795 3527 937 3577 opus.
961 3510 1175 3563 Venatu
1190 3510 1545 3566 delectabatur
1560 3532 1575 3578 ς

563 3586 766 3639 etenim
789 3605 819 3639 a
860 3585 1096 3640 Chirone
1126 3586 1375 3645 educatus
1397 3596 1581 3659 κυνηγῦς

563 3662 811 3730 ἰδιδάχθη.
851 3663 1092 3732 Sequens
1114 3666 1281 3718 oratio
1299 3688 1489 3738 parum
1511 3668 1578 3721 ad

564 3755 682 3791 rem
701 3739 967 3807 pertinere
986 3739 1153 3793 videri
1176 3745 1348 3811 possit.
1378 3746 1486 3801 Sed
1516 3766 1578 3800 ea

564 3813 734 3866 voluit
768 3827 921 3884 poeta
951 3818 1204 3885 juvenem
1238 3839 1333 3874 sua
1363 3825 1578 3878 fortuna

564 3894 776 3958 letum,
811 3911 910 3947 nec
956 3894 1245 3963 quidquam
1282 3899 1407 3951 mali
1448 3919 1580 3955 nse-

567 3980 809 4026 tuentem
845 3969 1138 4026 describere
1176 3993 1190 4026 :
1227 3974 1370 4044 quod
1406 3977 1578 4046 ipsum

566 4052 705 4104 inest
730 4048 787 4102 in
811 4066 921 4103 voc„
936 4051 1160 4116 placido.

640 4130 747 4201 149-
786 4129 1152 4183 Fortunam..
1179 4131 1326 4184 sali-r.
1384 4129 1582 4199 Regius

2603 1226 2704 1279 150

1670 1397 1935 1452 subintell.
1952 1401 2167 1469 putabat
2188 1440 2204 1468 ,
2228 1406 2363 1454 satas
2374 1421 2695 1470 prosperan,

1673 1476 1814 1546 quod
1842 1497 1953 1531 non
1980 1490 2062 1533 est
2078 1499 2287 1534 necesse
2317 1502 2332 1544 3
2372 1500 2500 1534 nam
2524 1501 2698 1551 quan-

1671 1572 1831 1623 quam
1854 1567 1920 1611 τῶ
1943 1563 2075 1611 sale}
2098 1577 2161 1611 ex
2184 1557 2478 1627 vulgaribus
2501 1558 2695 1629 lingue

1669 1630 1868 1702 legibus
1883 1613 2115 1688 Genitixr.
2132 1634 2345 1689 additur
2358 1676 2374 1702 ,
2395 1646 2572 1690 tamen
2592 1657 2694 1692 nec

1667 1711 1905 1780 exempla
1937 1730 2062 1765 cum
2098 1712 2337 1767 Accusat.
2371 1733 2490 1768 rara
2529 1727 2688 1769 sunt:

1668 1784 1778 1857 ipse
1804 1787 1993 1842 Cicero
2010 1828 2026 1854 ‚
2057 1789 2216 1844 Attic-
2253 1791 2394 1857 XII,
2422 1798 2486 1845 50
2505 1832 2520 1859 ‚
2556 1799 2691 1845 sale&

1668 1869 1935 1919 consilium
1955 1866 2115 1930 dixin
2141 1867 2329 1922 Seuec.
2365 1869 2527 1924 Herc.
2562 1868 2690 1924 Oet.

1669 1960 1800 1996 vers.
1826 1944 1952 1997 1830
1964 1983 1980 2009 ,
1996 1952 2142 1997 ema!
2152 1950 2547 2014 salaelrpoesidia.
2565 1947 2690 2001 Vid.

1675 2016 1822 2073 Cort.
1846 2018 1912 2072 ad
1938 2018 2166 2074 Sallustii
2195 2019 2314 2076 Cat.
2351 2037 2489 2076 tvm
2507 2063 2523 2089 ‚
2543 2042 2611 2095 9;
2636 2033 2690 2077 et

1670 2097 1857 2151 Rosius
1879 2096 1943 2150 ad
1971 2098 2190 2168 Nepotis
2218 2098 2406 2169 Epam.
2429 2105 2476 2167 4.
2515 2100 2688 2154 simi-

1670 2169 1792 2229 liter
1809 2180 2030 2238 abunde,
2056 2175 2266 2244 affalius
2281 2217 2296 2238 ,
2329 2180 2446 2238 ἅλες.

1743 2273 1763 2306 ι
1775 2257 1854 2308 50.
1874 2256 2035 2321 Quum
2045 2260 2238 2308 croceis
2248 2262 2433 2309 enecta.
2447 2265 2547 2310 etc.
2561 2256 2690 2310 Uno

1671 2331 1862 2397 verbo,
1898 2332 2126 2385 crastirm
2157 2331 2259 2385 die.
2295 2332 2482 2387 Solent
2513 2344 2686 2387 autem

1670 2420 1841 2477 poeta
1873 2448 1892 2476 ,
1932 2419 1994 2462 ut
2027 2411 2344 2464 narrationis
2375 2412 2688 2466 tenuitatem

1671 2484 1875 2555 fugiant
1890 2525 1905 2552 ,
1926 2484 2230 2554 hujusmodi
2247 2506 2429 2542 versus
2444 2498 2657 2541 ornatos
2670 2527 2685 2554 ,

1670 2571 1925 2631 tanquam
1949 2562 2201 2616 formulas
2226 2562 2488 2617 solemnes
2503 2602 2518 2630 ‚
2551 2564 2689 2617 inse-

1673 2659 1792 2695 rere
1813 2661 1827 2695 :
1850 2641 1967 2695 vide
1985 2642 2166 2715 Heyu.
2183 2641 2249 2695 ad
2273 2643 2458 2712 Virgil.
2479 2642 2688 2697 AEneid.

1673 2721 1756 2774 lv
1772 2759 1789 2787 ‚
1813 2737 1874 2773 vr
1894 2760 1910 2786 ‚
1937 2721 2029 2774 ubi
2044 2720 2155 2775 hnc
2173 2731 2451 2791 poetarum
2467 2740 2690 2775 consue-

1671 2795 1802 2848 tudo
1847 2795 2152 2851 defenditur
2188 2809 2375 2851 contra
2411 2799 2688 2852 Homium.

1673 2873 1884 2927 Aurora
1904 2874 2034 2944 bigis
2053 2882 2201 2928 vecta
2224 2886 2345 2929 aute
2361 2876 2567 2944 solem,
2582 2875 2688 2931 oeli

1671 2954 2005 3024 complexum
2041 2956 2325 3010 decurrere
2363 2957 2687 3011 credebatur.

1673 3034 1937 3104 Expressit
1964 3045 2142 3089 autem
2167 3036 2364 3090 Noster
2393 3035 2540 3107 Virg.
2565 3034 2688 3088 AEn.

1673 3111 1784 3165 xll
1795 3151 1811 3179 ,
1831 3112 1919 3182 76:
1941 3115 2322 3182 Quamprimum
2331 3120 2564 3166 crastina
2571 3117 2687 3166 celo

1670 3194 1912 3246 Puniceo
1929 3198 2131 3247 thet-cla
2161 3199 2288 3247 roteze
2324 3194 2532 3247 ΑΒΜ
2553 3196 2684 3245 nk-

1671 3274 1764 3324 be‘t.
1779 3271 1955 3324 Etiam
1969 3271 2053 3325 hic
2065 3270 2300 3342 plerique
2316 3311 2331 3338 ,
2351 3276 2579 3336 luvech,-
2599 3267 2682 3323 sed

1672 3349 1989 3403 But-manno
2002 3349 2194 3419 placuit
2208 3357 2410 3414 metm·
2425 3349 2565 3404 sicin
2582 3364 2684 3400 uno

1676 3425 1884 3480 Ciofsni
1897 3465 1913 3493 ,
1940 3426 2087 3479 Leid.
2108 3436 2163 3479 et
2178 3425 2386 3479 duobus
2407 3426 2549 3479 aliis:
2571 3423 2681 3478 vide

1673 3505 2061 3559 Bur-manuum.
2097 3531 2166 3545 —
2192 3503 2376 3559 Nostri
2405 3503 2560 3572 Regii
2593 3508 2678 3554 ἰε-

1673 3591 1849 3650 oec1a3
1875 3592 1929 3635 et
1950 3601 2073 3635 mox
2091 3589 2364 3650 repetemus
2377 3622 2393 3644 ,
2420 3599 2520 3651 pro
2540 3599 2681 3648 tepe-

1673 3668 1876 3727 taesnaes5
1912 3679 2023 3714 non
2062 3659 2200 3714 male
2235 3677 2463 3729 quoque.
2501 3660 2598 3711 Ed.
2621 3683 2683 3698 -

1672 3745 1815 3795 Idem
1830 3783 1845 3806 ,
1879 3742 2076 3811 pariter
2099 3779 2116 3808 ,
2159 3759 2222 3793 ex
2265 3757 2422 3809 equo
2448 3760 2465 3804 ;
2508 3737 2681 3794 subsu-

1675 3820 1818 3875 ditur
1847 3824 2065 3889 spatium
2094 3839 2112 3872 .·
2145 3828 2207 3871 ut
2240 3816 2591 3887 intelligamus
2620 3812 2682 3865 ab

1675 3910 1898 3969 utraque
1920 3910 2061 3953 terra
2083 3901 2254 3951 eodem
2273 3903 2446 3964 spale'o
2470 3895 2681 3956 aima-e,

1676 3989 1833 4047 atque
1849 3977 2023 4031 abesse
2034 3975 2312 4030 aboriente
2324 3984 2379 4028 et
2389 3971 2679 4031 occidente3

1675 4073 1774 4122 per
1803 4054 1944 4122 quod
1972 4051 2228 4123 significat
2254 4049 2534 4104 meridiem
2559 4063 2680 4099 esse·

1677 4134 1864 4184 Ed.—
1893 4133 2145 4199 Vaporcs,
2175 4139 2328 4184 astus
2358 4138 2420 4182 ut
2448 4127 2528 4195 11,
2551 4125 2638 4179 81·
2661 4158 2690 4187 r
2751 4133 2756 4140 ’
