2975 4784
529 471 617 539 9⁰

1095 450 1171 515 P.
1221 451 1577 518 OVIDII
1624 451 2089 523 NASONIS

625 585 952 660 Redditus
986 587 1170 661 orbis
1200 607 1385 664 erat:
1415 619 1612 691 quem
1648 611 2008 695 postquam
2042 593 2210 668 vidit
2244 594 2501 671 inanem
2524 654 2544 686 ,

524 704 615 774 Et
648 700 973 777 desolatas
1008 731 1197 799 agere
1229 704 1360 779 alta
1392 707 1655 782 silentia
1691 728 1934 797 terras,

523 816 928 907 Deucalion,
965 818 1268 922 lacrymis
1303 823 1394 895 ita
1426 823 1749 924 Pyrrham
1779 825 2045 900 adfatur
2077 826 2336 901 obortis
2370 858 2388 902 z

2553 850 2648 904 350

528 967 562 996 «
603 935 668 1007 Ο
700 963 924 1024 soror,
962 966 1003 1011 o
1042 938 1318 1037 conjux,
1352 967 1394 1012 o
1428 938 1672 1015 semina
1706 940 1848 1015 sola
1882 961 2220 1043 superstes
2243 1000 2263 1032 ,

527 1081 563 1112 »
603 1049 823 1145 Quam
861 1082 1208 1129 commune
1241 1054 1405 1128 mihi
1443 1084 1688 1149 genus,
1726 1076 1795 1132 et
1827 1059 2146 1158 patruelis
2181 1059 2373 1155 origo
2396 1116 2415 1147 ‚

522 1196 561 1228 ³»
601 1165 860 1240 Deinde
896 1185 1083 1243 torus
1110 1170 1367 1268 junxit;
1403 1199 1583 1246 nunc
1615 1171 1761 1272 ipsa
1789 1171 2082 1273 pericula
2111 1173 2446 1272 jungunt:

526 1314 562 1345 »
599 1283 987 1373 Terrarum,
1027 1314 1474 1389 quascumque
1505 1287 1733 1362 vident
1763 1314 2036 1363 occasus
2070 1307 2138 1363 et
2169 1307 2390 1378 ortus,

524 1430 561 1461 »
599 1398 742 1472 Nos
779 1399 912 1475 duo
950 1401 1148 1477 turba
1180 1431 1409 1478 sumus
1436 1434 1451 1476 z
1478 1404 1780 1505 possedit
1811 1422 2025 1479 cetera
2058 1422 2332 1505 pontus·

2551 1425 2647 1490 356

522 1544 559 1576 »
596 1514 791 1589 Nunc
828 1547 1098 1620 quoque
1133 1518 1350 1596 adhuc
1383 1520 1533 1595 vitae
1567 1548 1710 1595 non
1742 1540 1844 1596 est
1874 1520 2113 1595 fiducia
2145 1539 2391 1596 nostrae

520 1660 556 1692 »
597 1630 793 1705 Certa
819 1633 979 1707 satis
1009 1663 1025 1706 ε
1057 1651 1309 1710 terrent
1338 1625 1702 1712 etiamnum
1735 1635 1972 1712 nubila
2005 1655 2313 1712 mentem.

520 1776 556 1809 »
598 1745 784 1841 Quid
821 1748 947 1822 tihi
967 1804 985 1837 ,
1022 1750 1082 1823 si
1112 1750 1254 1826 sine
1283 1780 1390 1825 me
1421 1752 1580 1827 fatis
1606 1771 1832 1854 erepta
1864 1751 2141 1842 fuisses,

513 1952 666 1998 erant
700 1945 846 1998 enim
872 1950 1067 2001 nudata
1098 1949 1403 2018 cacumina,
1435 1951 1530 2005 sed

514 2020 580 2075 de
607 2023 780 2077 ramis.

576 2100 689 2166 348.
723 2103 1005 2170 Redditus,
1033 2104 1303 2160 restitutus
1335 2117 1449 2161 erat
1468 2107 1529 2161 in

513 2178 785 2247 pristinam
800 2181 1044 2236 sormam.
1064 2182 1250 2253 Pomp.
1266 2183 1410 2238 Mela
1425 2223 1441 2251 ,
1465 2186 1490 2240 1
1511 2225 1529 2253 ,

510 2272 570 2308 lx
588 2295 604 2322 ,
629 2256 691 2310 ³2
708 2260 886 2312 :Nilus
897 2278 954 2314 se
967 2263 1323 2328 sibimdduit,
1350 2282 1531 2318 rursus

512 2333 719 2389 alveum
742 2355 901 2390 suum
923 2339 1175 2409 sequitur.

574 2413 688 2486 349.
710 2416 787 2469 Et
800 2416 1061 2470 desolatas
1079 2437 1229 2486 agere
1247 2422 1359 2472 alla
1379 2421 1529 2474 silen-

507 2495 584 2542 lia
619 2498 793 2545 tems.
828 2492 932 2547 Hic
964 2513 1140 2548 versus
1171 2495 1306 2549 mira
1330 2506 1383 2550 et
1408 2516 1528 2550 rara

507 2567 646 2637 apud
672 2567 931 2623 Ovidium
955 2570 1181 2642 imagine
1210 2591 1401 2628 vocum
1424 2593 1528 2628 ex-

506 2645 660 2698 cellit.
673 2673 741 2687 —
750 2649 1032 2702 Desolalas
1046 2656 1218 2703 letus.
1237 2650 1528 2706 Destitutas

508 2722 808 2780 horninibus
844 2736 899 2780 et
935 2726 1304 2783 animantibus.
1339 2729 1526 2800 Vix-gil.

506 2802 721 2857 AEneid.
754 2804 841 2858 lib.
878 2804 956 2859 xl
976 2843 994 2871 ,
1035 2804 1130 2872 367
1159 2820 1173 2854 ε
1204 2808 1438 2874 Ingentes
1473 2814 1531 2860 e!

503 2882 840 2936 desolavimus
858 2901 1024 2951 epus.
1063 2881 1164 2936 Ed.

574 2958 689 3011 350.
732 2961 937 3014 Obortis
960 3002 975 3024 ,
1023 2961 1484 3031 prorumpentibus
1508 2983 1523 3028 ς

506 3037 847 3090 obon’n’enim
861 3038 1132 3107 dicuntur,
1146 3057 1263 3110 quo
1276 3058 1525 3110 prorum-

508 3122 674 3181 punt,
697 3116 1091 3183 superveniunt.

575 3189 690 3243 3⁵1.
720 3192 935 3245 Osoror.
952 3193 1200 3251 Adfectus
1215 3193 1410 3249 horum
1428 3196 1525 3250 ho-

508 3268 719 3322 minum
754 3287 867 3323 non
894 3283 1047 3341 poeta
1079 3273 1358 3342 describit,
1391 3274 1519 3342 sed,

509 3345 650 3415 quod
668 3345 856 3402 melius
871 3388 883 3410 ‚
909 3348 1291 3405 Deucalionem
1305 3352 1361 3404 in
1377 3352 1523 3406 sinus

508 3424 746 3496 conjugis
758 3425 1123 3481 effundentem
1143 3428 1310 3501 fingit.
1332 3429 1524 3499 Quum

507 3499 638 3554 nihil
658 3501 916 3571 acceptius
935 3502 1001 3555 sit
1016 3502 1218 3559 homini
1243 3506 1525 3562 hominum

504 3577 749 3633 societate
767 3619 782 3647 ,
825 3579 1059 3649 primum
1086 3581 1285 3650 jactura
1306 3585 1388 3639 sui
1419 3605 1523 3655 ge-

506 3655 649 3709 neris
666 3657 963 3727 gravissime
986 3659 1099 3728 ejus
1120 3660 1358 3716 animum
1383 3682 1525 3717 corn·

510 3745 723 3785 movere
763 3733 1000 3791 debebat.
1043 3737 1187 3791 Tum
1209 3778 1226 3805 ,
1258 3739 1303 3793 si
1341 3740 1426 3794 cui
1460 3760 1524 3796 ex

506 3812 655 3866 omni
668 3813 914 3869 societate
935 3835 1047 3890 non
1070 3817 1170 3872 nisi
1188 3837 1326 3871 unus
1341 3839 1524 3889 super·

506 3887 573 3942 sit
607 3888 806 3955 socius,
841 3889 883 3943 is
907 3890 957 3943 ei
981 3892 1127 3960 quasi
1149 3891 1298 3946 Deus
1320 3893 1524 3948 videbi-

504 3978 594 4022 tur
621 4007 637 4035 ,
688 3968 977 4037 prasertim
1023 3969 1067 4026 si
1104 3970 1398 4025 arctissimis
1437 3972 1522 4026 ille

504 4047 773 4119 sanguinis
803 4048 853 4101 ei
884 4058 937 4101 et
970 4047 1163 4102 amoris
1200 4047 1414 4102 vinculis
1456 4049 1524 4104 sit

503 4127 732 4195 junctus.
767 4128 847 4183 Ex
876 4128 955 4185 his
986 4139 1041 4185 et
1070 4128 1179 4183 aliis
1210 4128 1523 4199 quibusdam

506 4207 793 4277 composita
821 4207 1006 4264 oratio.
1043 4210 1225 4277 Jaepete'
1250 4206 1343 4262 filii
1371 4209 1521 4262 suere

1627 1954 1948 2006 nvn-emens
1970 1961 2024 2004 et
2045 1954 2383 2018 Ept’mctbens.
2419 1951 2647 2005 Prome-

1627 2027 1753 2081 theo
1790 2046 1853 2081 ex
1890 2030 2128 2082 Pandora
2155 2027 2358 2100 (quam
2385 2028 2604 2083 Triclin.
2629 2066 2645 2092 ,

1629 2102 1694 2157 ad
1733 2102 1950 2157 Pindar.
1977 2103 2195 2178 Olymp.
2222 2105 2299 2160 lx
2317 2144 2334 2172 ,
2360 2105 2481 2159 facit
2509 2104 2647 2175 Epi-

1626 2181 1827 2235 methei
1845 2182 2155 2253 conjugem)
2173 2194 2327 2237 natus
2347 2193 2425 2237 est
2445 2185 2650 2236 Deuca·

1625 2260 1746 2311 lion.
1769 2257 2066 2328 Epimethei
2087 2259 2192 2313 filia
2211 2261 2308 2316 suit
2329 2261 2542 2331 &trba
2565 2259 2652 2314 sie

1624 2336 1790 2390 intell.
1812 2356 1919 2408 quo
1937 2357 2094 2392 sensu
2119 2342 2304 2391 sorores
2332 2336 2509 2390 vocab.
2536 2336 2593 2391 b.
2620 2335 2651 2389 Ι.

1624 2414 1941 2483 capiendum
1970 2415 2052 2469 sit.
2081 2416 2197 2485 Ipse
2223 2430 2345 2466 mox
2366 2431 2654 2468 commen-

1626 2502 1768 2545 tatur
1784 2491 1840 2545 in
1868 2490 1975 2545 hac
1996 2491 2214 2543 nomina
2228 2528 2243 2555 ,
2263 2488 2404 2557 quod
2429 2499 2621 2544 tamen
2636 2530 2653 2558 ,

1622 2567 1678 2619 in
1703 2577 1851 2621 tanto
1878 2566 2094 2635 quidem
2126 2564 2339 2631 dolore,
2372 2563 2513 2631 justo
2546 2584 2655 2619 ar-

1623 2644 1796 2715 gutius
1819 2643 2041 2696 videtur.

1686 2724 1799 2777 353.
1834 2725 1958 2791 Ipsa
1969 2725 2215 2790 pere‘culae.
2242 2719 2650 2777 validissimum

1620 2803 1887 2857 vinculum
1907 2842 1923 2871 ,
1946 2813 2151 2857 natura
2167 2812 2306 2857 sorte
2322 2842 2337 2864 ,
2359 2795 2649 2869 cognatio’-

1620 2881 1701 2935 nis
1727 2880 1840 2951 lege
1858 2920 1873 2948 ‚
1913 2879 2142 2950 conjugii
2171 2879 2369 2933 soedere
2395 2878 2604 2934 firmius
2633 2900 2649 2935 z

1621 2960 1804 3089 zei-7²11
1813 2962 2019 3089 {deq-:xl
2037 2961 2270 3088 ἷχὲῗτευς
2281 2963 2330 3088 j
2340 2962 2648 3086 κοινόςῖὅδος.

1702 3055 1780 3089 ιι.
1860 3054 1928 3088 οι
1992 3051 2043 3088 v,
2157 3063 2265 3088 .—
2320 3055 2487 3104 unga
2529 3055 2646 3089 non

1617 3126 1729 3181 est,
1765 3125 1824 3168 ut
1855 3113 2063 3168 Ciosan.
2095 3115 2345 3185 putabat,
2383 3114 2645 3168 cariorem

1617 3190 1852 3245 reddunt
1869 3230 1885 3258 ,
1921 3191 2014 3245 sed
2042 3192 2234 3246 sociam
2261 3190 2506 3244 faciunt!

1682 3268 1799 3324 355.
1834 3274 1944 3326 Nos
1966 3276 2068 3325 duo
2099 3276 2246 3325 turba
2270 3290 2457 3324 sunus.
2494 3271 2641 3326 Infra

1617 3348 1758 3402 VIII
1777 3387 1792 3416 ‚
1827 3349 1927 3404 636
1951 3368 1963 3402 x
2004 3351 2134 3402 Tota
2169 3351 2344 3401 donus
2379 3350 2479 3402 duo
2507 3355 2640 3401 sunt.

1618 3425 1859 3497 Propert.
1887 3427 1946 3493 1,
1987 3425 2134 3497 Eleg.
2155 3441 2200 3479 11
2224 3465 2239 3493 ‚
2282 3426 2345 3479 23
2374 3445 2388 3478 ε
2416 3426 2492 3478 Tu
2515 3429 2651 3479 πίλα·

1615 3508 1732 3559 sola
1749 3507 1940 3561 donus.
1968 3504 2232 3574 Expressit
2256 3503 2510 3559 Nostrum
2533 3504 2640 3558 Se·-

1622 3605 1736 3640 nec.
1755 3583 1950 3638 Troad.
1969 3585 2069 3638 506
2089 3604 2103 3638 ε
2127 3587 2298 3638 Turba
2310 3625 2325 3647 ,
2355 3605 2464 3655 qne
2480 3590 2642 3638 seimus

1614 3682 1787 3731 super,
1831 3665 2071 3716 Tumulus
2097 3703 2111 3726 ‚
2138 3682 2297 3731 puer,
2334 3668 2551 3731 σφῶε.
2572 3688 2642 3705 —-

1616 3746 1856 3798 Possedit
1867 3784 1881 3805 ,
1909 3742 2193 3796 devoravit.

1683 3822 1796 3874 358.
1847 3822 1991 3887 Quid
2024 3824 2133 3874 tm.
2181 3820 2248 3876 ln
2291 3818 2394 3874 hoc
2431 3829 2487 3873 et
2527 3838 2637 3889 seq.

1615 3917 1688 3952 vs.
1716 3898 2033 3972 tenerrimus
2066 3908 2222 3966 atque
2252 3895 2637 3951 amantissimus

1614 3996 1810 4032 sensus.
1825 4005 1892 4019 —
1908 3980 2048 4046 Quid
2059 3982 2234 4041 anthi,
2261 3978 2402 4031 bona
2419 3976 2633 4044 locutio,

1617 4069 1676 4113 ut
1688 4058 1842 4113 docet
1867 4060 2052 4113 Heins.
2071 4077 2261 4129 :quern
2284 4059 2524 4111 animum
2539 4056 2637 4108 ha-

1613 4135 1787 4189 bitura
1808 4155 1962 4202 esses,
1984 4136 2111 4207 quid
2123 4156 2353 4192 sensura.
2369 4164 2437 4178 -
2448 4139 2594 4190 Fatis
2606 4173 2625 4198 ,

1615 4209 1810 4264 diluvio
1833 4212 1988 4266 satali-
