2975 4784
517 355 603 421 80
1085 357 1164 422 P.
1214 354 1586 425 OVIDII
1642 354 2104 428 NASONIS

512 492 765 569 Ardeat
784 548 804 581 ,
840 509 909 568 et
938 495 1171 568 mundi
1202 495 1409 571 moles
1443 526 1727 599 operosa
1758 498 2034 574 laboret.

511 607 678 684 Tela
709 629 1156 711 reponuntur,
1189 614 1498 688 manibus
1524 613 1844 689 fabricata
1879 613 2289 716 Cyclopum:

513 726 719 802 Poena
749 726 966 831 placet
995 728 1282 818 diversa,
1322 757 1531 826 genus
1564 730 1843 805 mortale
1876 730 2004 804 sub
2037 729 2239 804 undis
2531 751 2634 804 26·

510 842 825 932 Perdere,
859 845 931 917 et‘
954 871 1035 917 ex
1071 845 1252 918 omni
1283 845 1553 918 nimbos
1582 844 1911 920 dimittere
1941 844 2120 919 caelo.

508 959 829 1034 Protinus
866 959 1105 1034 AEoliis
1138 959 1539 1060 Aquilonem
1573 960 1824 1034 claudit
1855 960 1927 1033 in
1961 961 2168 1034 antris
2189 1014 2209 1047 ,

509 1078 603 1148 Et
637 1102 1062 1175 quaecumque
1096 1075 1329 1169 sugant
1360 1075 1666 1150 inductas
1696 1074 1956 1149 flamina
1994 1074 2208 1148 nubes
2239 1101 2256 1162 ;

510 1191 908 1292 Emittitque
941 1193 1192 1265 Notum
1224 1221 1240 1264 z
1270 1190 1553 1266 madidis
1586 1193 1806 1267 Notus
1836 1189 2053 1265 evolat
2082 1188 2237 1278 alis,

508 1367 594 1435 34;
622 1366 854 1422 Lactant.
878 1366 943 1421 de
971 1367 1059 1421 Ira
1076 1407 1092 1435 ,
1113 1367 1193 1420 23.
1220 1364 1522 1421 Commode

505 1455 663 1516 poeta
673 1446 774 1500 hoc
786 1446 843 1499 in
855 1465 1004 1501 suam
1018 1465 1135 1500 rem
1149 1447 1391 1503 vertit.—
1404 1449 1525 1500 Cot·-

506 1530 648 1591 repta
662 1564 676 1587 ,
690 1522 880 1577 scilicet
894 1522 1136 1578 flammis.
1148 1551 1216 1565 -
1227 1524 1523 1579 blandino·

507 1605 583 1653 les
614 1619 725 1654 non
757 1600 823 1654 de
852 1601 963 1655 solo
986 1602 1111 1655 celo
1133 1603 1364 1672 ceperim
1397 1621 1521 1657 cum

509 1677 750 1731 Geanero
766 1717 782 1744 ,
808 1678 899 1731 sed
918 1678 984 1732 de
1002 1689 1114 1733 toto
1127 1679 1386 1735 universo.
1407 1681 1523 1734 An-

506 1766 592 1810 tea
604 1766 775 1825 partes
782 1756 969 1809 mundi
981 1757 1362 1823 nominaverat,
1374 1776 1522 1813 nunc

506 1834 657 1904 ponit
669 1834 990 1887 universum.
1010 1834 1164 1888 Lucr.
1174 1836 1227 1885 V
1239 1873 1256 1903 ,
1281 1835 1375 1906 95:
1387 1839 1521 1889 ntul-

506 1918 679 1980 (osque
690 1930 787 1979 per
799 1929 961 1963 annos
983 1911 1272 1964 &stentem
1292 1920 1402 1964 rue!
1417 1931 1518 1966 mo·

506 1995 581 2043 les
600 1997 655 2042 e!
673 1992 908 2043 machine
927 1990 1114 2041 mundi.
1146 1987 1253 2043 Sed
1274 1989 1435 2044 etiam
1458 1990 1515 2043 in

501 2065 1096 2136 0pemsadiasentiunt1n
1105 2076 1370 2137 terpretea.
1383 2065 1518 2122 Gea-

502 2164 664 2202 nerus
679 2143 895 2213 explicat
906 2185 919 2208 ‚
934 2144 1121 2199 celum
1135 2184 1151 2212 ,
1168 2143 1311 2215 quod
1329 2145 1381 2199 in
1401 2165 1516 2216 per-

503 2235 667 2294 petuo
698 2233 850 2277 motu
887 2233 980 2277 eet.
1020 2222 1136 2293 Ego
1171 2242 1300 2276 vero
1332 2224 1515 2278 malim

503 2321 628 2356 cum
653 2299 956 2355 Schirachio
973 2338 989 2366 ,
1026 2299 1291 2354 mundum
1320 2319 1514 2372 magno

503 2377 723 2432 artificio
733 2376 1040 2431 fabricatum
1053 2377 1359 2447 intelligere.
1373 2378 1515 2452 Nam

500 2456 574 2510 sic
594 2455 753 2509 etiam
791 2455 994 2509 Seneca
1016 2453 1298 2523 intellexit,
1333 2456 1424 2525 qui
1454 2457 1513 2509 in

502 2533 682 2604 Epigr.
708 2531 873 2586 Catal.
891 2531 1030 2586 Pith.
1047 2552 1095 2602 p.
1120 2533 1179 2586 31
1199 2571 1215 2601 ,
1233 2531 1376 2587 hunc
1396 2552 1515 2587 noe-

502 2623 648 2665 trum
663 2612 838 2666 locum
854 2610 1084 2666 imitatus
1108 2620 1189 2665 eat
1208 2631 1223 2666 z
1240 2616 1514 2681 molespnl·

499 2692 744 2744 cherrima
790 2692 909 2743 cell
934 2690 1386 2758 Ardebe'lstamnu‘s
1421 2710 1513 2743 n·-

494 2769 647 2836 penle
667 2772 790 2821 snttr.
818 2767 888 2820 Et
909 2767 1049 2820 infra
1068 2766 1169 2819 XV
1186 2805 1202 2834 ,
1225 2766 1325 2819 666
1342 2805 1358 2832 ,
1384 2773 1512 2819 Ien-

491 2849 588 2911 pla
609 2864 819 2914 operosa
832 2853 956 2898 sunt
974 2841 1245 2897 artificiose
1268 2852 1479 2896 structa.

569 2924 683 2979 258.
706 2927 945 2986 Laboml,
976 2932 1202 2977 corruat·
1226 2922 1435 2975 Lucret.
1454 2920 1509 2989 1,

502 3002 601 3073 849
618 3040 634 3068 ,
660 3005 887 3054 laborare
907 3011 961 3056 et
974 3006 1139 3069 perine
1158 2998 1446 3068 conjunxit.

570 3081 683 3150 ²59·
721 3079 846 3129 Tela
860 3119 875 3141 ,
923 3078 1144 3132 fulmina
1175 3117 1191 3145 ,
1242 3082 1347 3137 Διὸς
1379 3080 1510 3146 βίλη.

502 3155 650 3209 Hinc
671 3153 884 3223 Jupiter
911 3155 1132 3210 fulmina
1160 3157 1416 3220 ἄκοντίςιι,
1458 3164 1512 3208 et

485 3238 768 3306 jaculatur.
783 3235 1014 3288 Diversa.
1031 3236 1218 3291 Senec.
1234 3235 1301 3290 N.
1315 3234 1387 3303 Q.
1405 3234 1507 3301 111,

500 3315 566 3367 28
588 3321 715 3366 extr.
828 3365 835 3372 ,
1052 3343 1056 3347 Δ

565 3391 657 3445 261
667 3428 679 3443 .
691 3391 971 3443 Dimitte-re.
987 3388 1224 3457 Quidam
1243 3394 1509 3446 dem‘tlere.

501 3467 666 3521 Alter.
681 3466 869 3521 melius
884 3506 899 3533 ,
924 3466 1044 3535 quia
1068 3464 1277 3520 additur
1293 3488 1360 3522 ez·
1376 3474 1518 3523 omni

498 3549 620 3600 celo
635 3565 651 3598 .·
665 3544 781 3600 vide
797 3546 981 3599 Burm.
1005 3544 1162 3599 Unus
1177 3583 1194 3612 ,
1215 3545 1509 3614 dffmdeoe.

566 3623 676 3676 252.
708 3625 943 3677 Protinus
986 3625 1171 3675 ‘Eolt'elr
1205 3633 1300 3677 etc.
1342 3624 1509 3678 Locus

499 3699 775 3772 praelarus
803 3702 952 3770 cujus
984 3701 1348 3755 inventionem
1370 3720 1509 3771 poe-

498 3780 657 3834 ticam
677 3778 932 3848 intelliges
948 3817 964 3845 ,
995 3779 1036 3832 si
1060 3778 1348 3848 simplicem
1369 3781 1511 3849 cogi-

498 3858 688 3914 taveris
705 3856 1099 3910 narrationem:
1124 3854 1290 3908 nimbi
1314 3854 1507 3925 delapsi

498 3947 624 3992 aunt
643 3976 659 4005 ,
682 3953 862 3990 amnes
876 3931 1208 3986 exundarant
1223 3971 1239 3998 ,
1264 3949 1508 3986 oceanus·

499 4034 602 4085 que
625 4014 801 4069 obruit
822 4022 1032 4067 terram.
1055 4008 1148 4064 Illa
1161 4027 1289 4062 vero
1309 4008 1507 4063 mirum

495 4093 555 4147 in
572 4093 793 4149 modum
808 4092 1110 4149 animantur
1121 4128 1139 4161 ,
1156 4106 1323 4161 quum
1339 4090 1507 4147 Notus

1619 1367 1767 1421 Deus
1780 1365 2063 1432 inducitur,
2083 1368 2181 1419 Iris
2195 1364 2361 1419 nubes
2377 1363 2486 1431 alit,
2507 1367 2639 1432 Nep·

1618 1450 1770 1498 tanus
1787 1443 1980 1496 Jovem
2002 1441 2213 1511 adjuvat
2227 1482 2244 1510 ,
2268 1445 2507 1508 Deosque
2521 1461 2639 1495 aa·

1615 1525 1752 1573 πίνω
1786 1528 2036 1573 convocat
2051 1557 2067 1585 ,
2106 1528 2202 1573 etc.
2234 1516 2507 1573 Caeterum
2536 1537 2636 1571 nee

1617 1597 1703 1650 hic
1726 1596 1867 1652 locus
1888 1597 1951 1651 ad
1972 1596 2204 1669 physicas
2217 1597 2446 1650 rationes
2462 1597 2635 1650 subti-

1615 1676 1736 1731 liter
1759 1676 2056 1749 exigendus.
2089 1677 2173 1731 Ad
2203 1677 2311 1731 illas
2340 1677 2406 1731 de
2434 1677 2634 1731 diluvio

1616 1751 1844 1823 disputat
1871 1753 2074 1809 Seneca
2097 1755 2166 1809 N.
2200 1754 2272 1823 Q.
2298 1755 2419 1822 111,
2451 1776 2537 1825 ²7·
2565 1782 2633 1822 p·-

1613 1832 1803 1900 Aqm‘lo
1824 1872 1839 1895 ,
1889 1833 2009 1902 quia
2053 1832 2197 1902 pellit
2230 1833 2397 1888 nubea
2423 1872 2441 1900 ,
2489 1831 2634 1903 apud

1613 1919 1793 1979 poetas
1814 1914 1983 1964 clams
2006 1921 2060 1963 et
2083 1915 2410 1988 αἰθρηγενέτης.
2431 1911 2498 1964 In
2524 1929 2633 1964 una

1613 2010 1677 2044 ex
1696 1988 1876 2043 insulis
1896 1992 2084 2043 AEottak
2100 1991 2202 2044 suit
2224 1989 2367 2043 AEoli
2388 1988 2556 2045 sedes.
2581 1989 2633 2043 Is

1614 2078 1801 2122 ventos
1829 2067 1913 2121 vel
1948 2068 2004 2121 in
2029 2078 2150 2123 utre
2166 2107 2182 2135 ,
2220 2069 2280 2122 ut
2305 2069 2472 2138 placet
2497 2068 2630 2122 Ho-

1611 2165 1763 2199 mero
1779 2143 1887 2201 Od.
1903 2171 1928 2200 κ
1943 2185 1959 2213 ,
1992 2166 2012 2198 ι
2030 2185 2047 2213 ,
2061 2164 2201 2216 sqq„
2217 2145 2298 2199 vel
2312 2185 2329 2212 ,
2353 2144 2494 2214 quod
2516 2145 2632 2216 plus

1616 2221 1882 2294 dignitatis
1892 2222 2047 2278 babet
2060 2263 2074 2291 ,
2090 2235 2244 2293 atque
2255 2223 2415 2276 etiam
2432 2241 2462 2275 a
2478 2224 2630 2292 Virg.

1612 2299 1738 2355 AEn.
1767 2301 1826 2367 1,
1855 2303 1917 2354 52
1937 2339 1953 2368 ,
1979 2301 2250 2370 praelatum
2268 2311 2348 2353 eat
2363 2339 2379 2366 ,
2404 2301 2461 2354 in
2483 2311 2633 2355 vasto

1608 2387 1759 2434 anlm
1780 2380 2006 2434 inclusos
2023 2389 2198 2443 tenet;
2222 2396 2458 2432 caverna
2478 2380 2633 2432 enim

1609 2458 1962 2512 subterranea
1986 2457 2153 2527 plene
2176 2464 2300 2509 sunt
2320 2465 2631 2511 ventorum.

1611 2536 1728 2607 Ipse
1748 2535 1894 2590 sedet
1916 2537 1969 2588 in
1991 2534 2258 2589 cacumine
2281 2532 2506 2599 montis,
2533 2544 2591 2589 et
2610 2577 2628 2604 ,

1607 2626 1765 2685 prout
1788 2614 2013 2685 postulat
2028 2613 2162 2666 salua
2185 2612 2372 2666 mundi
2392 2652 2408 2680 ,
2432 2626 2628 2671 ventos

1579 2729 1586 2734 -
1607 2692 1689 2745 vel
1708 2701 1912 2746 coercet
1931 2730 1947 2757 ‚
1971 2690 2052 2743 vel
2070 2690 2278 2744 emittit.
2301 2690 2430 2759 Quo
2451 2705 2626 2762 poete

1606 2769 1681 2823 nil
1702 2768 1837 2823 aliud
1861 2767 2152 2837 significare
2177 2768 2494 2838 voluerunt,
2520 2771 2622 2825 nisi

1606 2844 1734 2912 hoc,
1763 2855 1816 2898 et
1838 2843 2115 2897 utilitatem
2133 2854 2188 2898 et
2205 2846 2313 2898 vim
2337 2857 2621 2900 ventorum

1607 2942 1715 2977 csse
1742 2932 1940 2975 tantam
1956 2960 1972 2987 ,
1993 2931 2052 2974 ut
2068 2921 2123 2975 hi
2145 2941 2354 2993 quoque
2376 2942 2516 2977 curoe
2532 2924 2621 2978 di-

1605 3003 1739 3056 vine
1747 3002 1966 3071 subjecti
1977 3023 2086 3057 ease
2100 3002 2396 3067 videantnr3
2406 3004 2461 3057 id
2473 3004 2620 3073 quod

1606 3080 2068 3137 accommodarunt
2084 3083 2364 3152 puerilibus
2380 3080 2508 3136 ideis
2528 3102 2622 3138 an·

1605 3158 2017 3228 tiquissimorum
2030 3169 2084 3213 et
2095 3159 2308 3214 rudium
2318 3159 2617 3215 hominum.

1608 3233 1679 3286 H.
1697 3234 1733 3288 l.
1753 3234 1968 3305 Jupiter
1985 3237 2091 3307 ipse
2115 3237 2396 3307 imperium
2411 3248 2617 3293 exercet

1602 3312 1662 3365 in
1676 3324 1880 3380 ventos,
1897 3325 1955 3368 ut
1967 3313 2104 3384 apud
2123 3315 2257 3367 Hor.
2276 3313 2331 3380 1,
2351 3313 2454 3367 Od.
2475 3329 2582 3368 1111
2595 3353 2612 3381 ,

1604 3390 1665 3458 3,
1693 3391 1911 3445 Nereus.
1932 3395 2122 3445 Iudaei
2137 3391 2344 3462 proprie
2368 3390 2619 3445 dicuntur

1603 3468 1803 3522 colores
1823 3487 1851 3521 a
1872 3469 2154 3538 pictoribus
2171 3482 2184 3517 ε
2210 3468 2335 3523 hinc
2350 3468 2617 3539 eleganter

1603 3549 1918 3603 transfertur
1952 3547 2018 3603 ad
2050 3551 2207 3602 nubes
2229 3588 2245 3609 ,
2297 3558 2359 3602 ut
2393 3548 2512 3602 alibi
2548 3546 2616 3600 ad

1603 3629 1867 3694 caliginem
1891 3636 1945 3679 et
1967 3632 2174 3679 noctem.
2200 3624 2390 3678 Horat.
2413 3624 2440 3676 1
2455 3664 2470 3688 ,
2506 3622 2618 3678 Sat.

1603 3718 1642 3758 v
1654 3742 1671 3772 ,
1695 3705 1728 3770 4
1741 3743 1757 3771 ,
1780 3706 2015 3756 :indecem
2034 3708 2179 3756 Iem's
2199 3705 2418 3755 umbras.

1669 3782 1781 3848 254„
1808 3784 2009 3836 Notum.
2034 3784 2198 3836 Notus
2215 3790 2293 3833 eat
2316 3778 2464 3833 Deus
2481 3814 2498 3842 ,
2522 3797 2617 3832 eu·

1600 3859 1685 3929 jus
1707 3859 1889 3914 faciem
1916 3859 2265 3914 truculentam
2300 3857 2613 3912 exhibebant

1602 3935 1831 4005 pictores'
1838 3957 1852 3991 t
1866 3938 1968 3991 vid.
1993 3938 2245 4007 Spencius
2263 3937 2466 4010 Polym.
2476 3934 2611 3988 Dial.

1602 4013 1775 4080 xm,
1808 4026 1962 4084 atque
1987 4016 2145 4068 etiam
2175 4013 2228 4068 h.
2249 4014 2281 4068 l.
2304 4016 2425 4069 satie
2457 4017 2610 4065 tem·-

1599 4095 1721 4146 be'lctr
1755 4103 1984 4162 apparet.
2023 4092 2186 4147 Hunc
2223 4092 2451 4162 emittit,
2489 4089 2610 4163 quia
