2975 4784
520 321 645 407 134

1053 325 1132 388 P.
1199 324 1557 392 OVIDII
1608 323 2058 394 NASONIS

516 493 551 525 n
591 459 712 533 Ille
746 460 932 533 ferox
967 463 1142 536 tacui
1173 494 1189 536 ε
1223 464 1433 563 pudet
1463 463 1604 537 haec
1637 463 1998 564 opprobria
2031 463 2229 537 nobis

520 609 554 639 »
592 577 683 648 Et
716 574 848 648 dici
876 577 1209 676 potuisse,
1248 596 1315 651 et
1343 605 1485 658 non
1522 578 1819 679 potuisse
1849 576 2099 678 repelli.

516 724 550 755 »
592 692 685 763 At
724 708 828 781 tu,
865 693 922 766 si
952 693 1151 767 modo
1181 722 1329 768 sum
1358 692 1598 768 caelesti
1632 694 1839 794 stirpe
1871 711 2162 777 creatus,

2537 715 2637 784 760

438 881 449 892 ,
517 838 551 869 »
593 804 734 879 Ede
765 823 992 882 notam
1030 809 1194 881 tanti
1229 809 1485 904 generis
1515 837 1531 896 3
1570 836 1803 910 meque
1834 808 2058 882 adsere
2085 805 2265 882 caelo.
2305 840 2341 872 n

514 920 735 1009 Dixit3
775 939 841 994 et
874 922 1203 1024 implicuit
1232 940 1534 998 materno
1561 923 1831 998 brachia
1862 920 2074 1011 collo;

513 1038 774 1139 Perque
807 1067 1002 1113 suum
1019 1095 1037 1126 ‚
1067 1041 1508 1142 Meropisque
1534 1057 1766 1141 caput,
1806 1039 2136 1139 taedasque
2170 1063 2477 1112 sororum
2499 1094 2519 1127 ‚

512 1154 855 1244 Traderet‚
892 1155 1131 1246 oravit,
1173 1156 1305 1231 veri
1337 1157 1470 1231 sibi
1506 1156 1696 1252 signa
1728 1156 2038 1258 parentis.

514 1276 927 1373 Ambiguum
944 1335 963 1366 ‚
1003 1277 1315 1379 Clymene
1347 1278 1657 1380 precibus
1691 1277 2125 1353 Phaethontis
2144 1332 2164 1364 ‚
2201 1304 2285 1350 an
2319 1275 2416 1349 ira

2547 1295 2644 1368 765

517 1400 711 1473 Mota
742 1402 951 1497 magis
990 1401 1150 1475 dicti
1184 1402 1317 1475 sibi
1351 1401 1679 1489 criminis3
1718 1418 1996 1503 utraque
2029 1396 2188 1473 caelo

516 1521 798 1595 Brachia
829 1524 1165 1624 porrexit;
1200 1541 1636 1626 spectansque
1669 1523 1751 1598 ad
1785 1522 2033 1596 lumina
2065 1518 2274 1607 Solis,

528 1677 563 1709 «
603 1645 730 1718 Per
756 1645 953 1743 jubar
980 1648 1141 1762 hoc,
1178 1648 1433 1752 inquit,
1470 1647 1725 1722 radiis
1706 1647 1964 1742 insigne
2000 1643 2326 1731 coruscis,

528 1792 564 1824 >³
604 1763 809 1848 Nate,
847 1760 1024 1834 tibi
1004 1790 1190 1860 juro,
1231 1762 1410 1863 quod
1442 1790 1570 1836 nos
1604 1762 1919 1863 auditque
1949 1760 2297 1860 videtque·
2283 1814 2300 1845 ,

593 1959 702 2027 759.
736 1958 948 2024 Repelli.
983 1954 1130 2011 Olim
1162 1956 1311 2012 edel).
1343 1956 1535 2025 refelli,

526 2032 665 2101 quod
700 2053 810 2086 non
842 2035 964 2088 satis
991 2036 1240 2090 convenit
1281 2036 1540 2090 ferocitati

522 2110 742 2176 juvenis.
785 2113 1080 2166 Burmann.
1120 2113 1348 2182 pretulit
1380 2113 1542 2183 igitur

523 2207 586 2240 ex
604 2190 811 2258 optimis
835 2190 1007 2246 Codd.
1024 2194 1225 2261 referti,
1252 2192 1392 2261 quod
1416 2210 1543 2262 pro-

529 2267 702 2333 prium
723 2269 790 2321 sit
810 2269 863 2321 in
880 2269 1063 2339 jurgiis
1086 2279 1140 2323 et
1159 2268 1543 2323 controversiis.

529 2343 644 2412 Ego
668 2362 794 2397 vero
816 2346 978 2399 malui
1000 2366 1121 2399 cum
1147 2346 1256 2400 aliis
1278 2345 1453 2400 codd.
1471 2364 1544 2398 re·

518 2421 660 2489 pelli.
682 2419 955 2478 Phaethon
971 2425 1115 2475 enim
1129 2441 1238 2475 non
1255 2434 1363 2476 tam
1380 2423 1546 2476 recri-

528 2501 749 2565 minari,
776 2520 937 2570 quam
957 2505 1187 2569 repellere
1205 2540 1219 2567 ,
1244 2501 1489 2555 ferociter
1514 2521 1542 2554 a

528 2597 583 2630 se
610 2578 812 2631 amoliri
839 2579 967 2632 illud
989 2579 1189 2632 crimen
1229 2577 1447 2632 volebat.
1477 2606 1546 2618 —

532 2653 702 2709 Codd.
726 2656 891 2710 nostri
923 2654 1100 2723 refillez
1136 2657 1206 2710 Et
1242 2655 1306 2709 de
1338 2655 1546 2709 codici-

527 2731 623 2786 bus
645 2753 691 2787 ν.
716 2754 760 2787 c.
793 2733 980 2801 Gierig.
1006 2733 1094 2802 qui
1118 2733 1314 2787 habent
1339 2737 1520 2801 repelli
1531 2754 1548 2785 .·

528 2809 677 2863 valde
703 2809 901 2864 dubito.
927 2808 1261 2864 Prntulimus
1285 2820 1462 2864 autem
1484 2830 1547 2864 ex

534 2886 701 2942 MSS.
731 2889 997 2943 nonnullis
1027 2891 1212 2956 repelli.
1252 2887 1457 2942 Phaedr.
1484 2890 1545 2955 1,

530 2966 630 3019 fab.
656 2985 678 3020 1
695 3007 710 3034 ,
738 2989 803 3042 9:
828 2972 1081 3038 Repulsus
1101 2971 1190 3020 ille
1214 2973 1442 3020 veritalis
1466 2975 1547 3022 vi-

530 3046 681 3096 tibus.
708 3044 820 3099 Cic.
845 3049 910 3100 N.
934 3046 1004 3099 D.
1026 3047 1052 3100 1
1072 3086 1088 3113 ,
1125 3046 1156 3099 3
1183 3059 1197 3094 ἓ
1234 3048 1340 3113 Qui
1354 3048 1547 3100 admo-

532 3128 652 3174 nent
680 3129 840 3177 amice
855 3166 868 3185 ‚
901 3128 1123 3180 docendi
1147 3132 1267 3178 sunl
1280 3165 1294 3186 ,
1327 3129 1421 3193 qui
1443 3130 1550 3177 ini-

532 3204 660 3251 nice
673 3204 981 3256 emec-tantur
992 3244 1005 3264 ,
1023 3204 1304 3271 repellendi.
1321 3200 1550 3270 Quintil.

537 3277 638 3344 lv,
665 3292 707 3329 n
725 3315 740 3342 ,
768 3276 832 3330 26
859 3296 872 3330 ι
900 3281 1106 3346 Quoties
1126 3284 1311 3334 crimen
1331 3299 1431 3333 non
1458 3299 1550 3332 re-

528 3357 815 3422 pellendum
834 3361 1051 3420 tantm,
1070 3360 1179 3424 *sed
1190 3364 1344 3410 etiem
1370 3364 1550 3411 lmus-

524 3433 791 3499 serendum
807 3436 913 3485 erit.

606 3511 716 3579 761.
734 3511 859 3564 Ede.
877 3507 1137 3564 Goevian.
1149 3513 1325 3565 Prode.
1341 3539 1408 3551 —
1424 3511 1551 3566 Nos-

538 3588 606 3640 tri
649 3589 767 3643 RR.
799 3593 932 3643 ede.
924 3609 937 3622 ·
977 3589 1119 3642 idem
1143 3600 1234 3644 est.
1259 3592 1357 3644 Ed.
1378 3618 1444 3631 -
1466 3592 1555 3644 He

537 3670 659 3720 celo
682 3670 873 3721 aatme.
914 3667 1137 3722 Vindica
1159 3669 1289 3722 mibi
1320 3668 1552 3723 divinam

540 3743 813 3813 originem.

613 3822 723 3893 763.
744 3824 976 3891 Αἶα-ομ,
1003 3823 1222 3878 maritus
1239 3823 1550 3895 Clymenes,

538 3911 688 3971 pater
718 3901 980 3970 putativus
1012 3899 1355 3954 Phaethontis
1394 3902 1552 3968 (Fast.

542 3980 627 4034 111
643 4018 658 4046 ,
691 3978 778 4044 3ο)
804 3988 857 4031 et
881 3997 971 4031 rex
996 3976 1313 4046 AEthiopiae·
1301 4016 1312 4027 .
1338 3977 1452 4032 vide
1486 3979 1553 4033 ad

536 4076 665 4112 vers.
695 4058 803 4126 774.
827 4057 1056 4111 Sororum
1077 4054 1293 4110 nomina
1317 4054 1434 4111 vide
1461 4056 1548 4122 11,

1636 1957 1750 2026 346.
1773 1959 1882 2013 Per
1901 1956 2091 2012 harum
2113 1959 2272 2010 cedas
2292 1954 2492 2026 jugales
2506 1992 2522 2022 ,
2547 1953 2582 2008 i.
2600 1973 2645 2008 e.

1634 2034 1843 2104 nuptias
1859 2074 1875 2101 ,
1914 2034 2099 2088 maluit
2114 2072 2130 2100 ,
2168 2043 2228 2086 ut
2250 2032 2419 2103 aptius
2435 2072 2451 2096 ‚
2489 2048 2646 2101 qnam

1636 2121 1813 2182 caput,
1840 2124 2065 2168 matrem
2087 2131 2256 2166 orare.

1707 2192 1817 2259 766.
1857 2195 2081 2252 Cn'nen,
2125 2187 2437 2243 criminatio.
2479 2184 2647 2240 Gloss.

1639 2267 1893 2338 explicant
1913 2288 2008 2339 per
2031 2272 2229 2336 ἔγκλημα
2245 2306 2259 2333 ,
2288 2270 2517 2327 διαθολῆν.
2533 2263 2605 2316 H.
2619 2262 2647 2315 l.

1638 2346 1956 2400 insimulatio
1977 2345 2216 2400 adulterii
2239 2366 2254 2409 ς
2291 2342 2650 2414 quemadmo-

1640 2424 1772 2479 dum
1815 2434 2058 2494 stuprum
2102 2424 2273 2494 ipsum
2328 2439 2465 2491 sepe
2514 2416 2651 2489 apud

1640 2506 1895 2559 Nostrum
1916 2509 2100 2557 crimen
2125 2503 2328 2557 dicitur.
2353 2499 2478 2554 vid.
2501 2499 2650 2553 Dra-

1639 2578 1796 2633 kenb.
1821 2579 1887 2633 ad
1912 2579 2002 2634 Sil.
2029 2580 2107 2635 Vl
2123 2619 2139 2646 ,
2162 2580 2275 2647 634.

1710 2657 1819 2728 767.
1837 2660 2053 2712 hmine
2074 2653 2530 2726 Solezeperiphrais
2553 2652 2655 2707 So-

1640 2734 1703 2788 lis
1720 2757 1735 2799 ς
1768 2746 1924 2804 atque
1950 2735 2109 2790 etiam
2117 2735 2282 2804 jubar
2298 2751 2443 2787 nunc
2458 2742 2540 2785 est
2560 2728 2653 2784 sot

1641 2814 1768 2884 ipse.
1779 2841 1845 2854 —
1858 2814 2127 2882 Perjubar.
2145 2813 2251 2866 Per
2262 2811 2444 2865 Solem
2460 2810 2654 2878 jurare,

1643 2910 1872 2961 eumque
1891 2901 2078 2945 testem
2099 2892 2268 2944 facere
2291 2899 2380 2942 aut
2403 2888 2658 2940 innocen-

1644 2968 1729 3022 tio
1751 2987 1887 3031 suae,
1923 2979 2016 3021 aut
2044 2967 2248 3035 injurie
2270 2965 2480 3019 alterius
2506 2962 2657 3017 sole-

1643 3046 1771 3099 bant
1789 3045 2025 3100 Veteres.
2049 3046 2192 3101 lnsra
2211 3043 2292 3099 lv
2307 3083 2323 3110 ,
2351 3043 2481 3106 238;
2507 3041 2658 3112 Virg.

1647 3124 1860 3178 AEneid.
1882 3124 1990 3177 XII
2006 3162 2022 3189 ‚
2062 3123 2155 3193 176
2178 3142 2191 3175 ς
2217 3120 2334 3174 vide
2359 3121 2655 3173 Burmann.

1644 3201 1699 3254 in
1724 3200 1858 3255 Jove
1883 3200 2030 3270 Fulg.
2047 3198 2165 3253 XV.
2188 3197 2258 3251 Et
2281 3216 2423 3250 nunc
2438 3195 2658 3266 quidem

1651 3278 1912 3351 Clymene
1966 3296 2077 3331 non
2115 3286 2321 3347 poterat
2364 3274 2660 3345 graviorem

1646 3356 1758 3409 veri
1773 3367 1960 3410 testem
1974 3354 2097 3408 dare
2113 3393 2128 3421 ,
2148 3359 2309 3423 quam
2325 3352 2507 3408 Solem
2521 3391 2536 3420 ,
2555 3371 2661 3422 pa-

1646 3444 1784 3487 trem
1819 3434 1988 3502 ipsum
2008 3471 2022 3498 ,
2059 3431 2123 3484 de
2165 3450 2271 3500 quo
2307 3429 2661 3485 dubitabatur.

1649 3508 1966 3564 Commotus
1986 3520 2164 3562 autem
2188 3507 2392 3561 animus
2415 3525 2476 3559 ex
2501 3504 2664 3559 adse-

1646 3588 1912 3642 veratione
1944 3607 2050 3657 seq.
2079 3588 2199 3642 satis
2220 3586 2403 3640 elucet.
2425 3613 2493 3625 —
2515 3586 2671 3651 Quod

1646 3671 1995 3721 nosaudiletc.
2007 3666 2102 3720 Sol
2111 3665 2259 3720 Deus
2272 3691 2359 3719 παν
2364 3668 2536 3739 dieamus,
2557 3688 2666 3719 teca-

1649 3752 1810 3814 ὄκτης,
1841 3746 2018 3800 omnia
2035 3746 2276 3813 intuens,
2306 3743 2486 3798 omnia
2501 3745 2664 3797 etiam

1648 3787 1940 3879 exauciiens.
1982 3824 2120 3878 Ptin.
2152 3824 2223 3877 H.
2255 3823 2322 3877 N.
2357 3822 2446 3889 Π,
2486 3824 2556 3882 6·
2600 3840 2665 3875 ex

1648 3903 1890 3957 Homero
1933 3901 1991 3955 ll.
2025 3911 2107 3969 Γ,
2153 3886 2459 4002 “77281'210‘
2487 3898 2576 3965 2',

1648 3979 1779 4035 πέντ’
1800 3985 1876 4051 ²5⁸⁰
1856 3989 1989 4057 ’4⁵3⁶’
2025 3989 2105 4035 καὶ
2130 3978 2260 4033 πάντ’
2295 3982 2451 4032 tuna·
2455 4001 2531 4037 τις
2560 3925 2668 4029 ,Cs-

1651 4056 1828 4111 Cerda
1852 4056 1916 4112 ad
1943 4056 2507 4127 Virgi1.AEneid.1V,
2542 4054 2663 4127 607.
