2975 4784
507 323 514 330 ’
581 349 1603 442 METAMORPHOSEON
1654 363 1845 428 mn.
1898 362 2032 428 v1.

2242 357 2379 452 449

278 515 570 610 vulgus3
610 528 676 585 et
708 507 1103 584 exstinctum
1137 530 1287 576 cum
1322 501 1528 602 stirpe
1560 498 1938 599 Amphiona
1965 497 2214 594 lugent.

272 633 488 706 Mater
517 629 589 701 in
621 624 869 699 invidia
897 638 998 696 est
1027 649 1044 693 ε
1073 637 1290 692 tamen
1321 615 1491 690 hanc
1528 640 1794 714 quoque
1830 612 2069 686 dicitur
2100 638 2275 687 unus

272 746 488 821 Flesse
521 740 809 842 Pelops3
841 739 1252 834 humeroque
1272 788 1292 819 ‚
1329 757 1481 804 suas
1517 728 1601 801 ad
1630 744 1897 828 pectora
1928 744 2283 828 postquam

273 860 568 936 Deduxit
591 875 800 933 vestes
818 911 837 942 ‚
871 855 1041 928 ebur
1067 846 1434 925 ostendisse
1468 844 1763 917 sinistro.

2280 862 2380 930 405

276 977 612 1054 Concolor
633 975 743 1048 hic
778 972 1131 1055 humerus,
1163 961 1474 1039 nascendi
1509 977 1842 1059 tempore,
1881 956 2110 1030 dextro
2131 1015 2149 1047 ,

279 1098 790 1196 corporeusque
825 1087 955 1160 fuit
982 1115 997 1158 ε
1026 1081 1333 1156 manibus
1365 1105 1525 1151 mox
1557 1103 1719 1149 caesa
1747 1072 2038 1175 paternis

272 1209 586 1286 'Membra
621 1206 847 1279 ferunt
870 1199 1164 1301 junxisse
1193 1198 1412 1282 Deos,
1446 1191 1724 1291 aliisque
1754 1188 2034 1289 repertis
2052 1243 2072 1275 ‚

282 1327 424 1424 Qui
457 1325 646 1398 locus
678 1337 778 1394 est
807 1315 1022 1418 juguli
1051 1313 1306 1388 medius
1337 1307 1710 1407 summique
1743 1303 1968 1377 lacerti

283 1439 563 1516 Defuit:
594 1434 982 1536 impositum
1014 1446 1117 1505 est
1145 1457 1282 1502 non
1315 1421 1755 1523 comparentis
1780 1421 1852 1492 in
1878 1448 2072 1494 usum

2299 1442 2398 1509 410

284 1555 505 1631 Partis
540 1552 745 1640 ehur3
780 1549 1084 1647 factoque
1123 1543 1370 1643 Pelops
1396 1540 1526 1613 fuit
1559 1538 1816 1633 integer
1846 1534 1985 1608 illo.

381 1671 500 1742 Vl.
528 1663 824 1741 Finitimi
851 1686 1159 1764 proceres
1190 1672 1473 1743 coeunt;
1511 1652 1845 1753 urbesque
1872 1653 2267 1753 propinquae

284 1867 468 1938 pinet,
481 1864 738 1933 velletque
759 1878 947 1915 eorum
969 1855 1297 1911 divinitatem
1393 1851 1551 1905 detur
1570 1849 1779 1904 Daniel.
1801 1847 2035 1904 Heinsio.
2055 1848 2206 1919 Regii
2219 1852 2408 1936 nostri,

284 1943 507 2014 experiri
524 1982 540 2009 ,
564 1941 773 2011 Pelopis
787 1938 880 1991 filii
891 1934 1132 1990 membra
1152 1941 1298 1986 cocta
1392 1934 1613 1983 sehistro.
1646 1927 1744 1981 Ed.

282 2025 597 2094 reliquisque
618 2021 744 2075 cibis
767 2018 993 2072 admixta
1028 2014 1089 2066 iis
1122 2028 1296 2081 appo—

1457 2011 1575 2079 4⁰9·
1601 2010 1708 2073 Qui
1722 2009 1865 2059 locus
1886 2016 1982 2059 etc.
2003 2045 2019 2072 ,
2041 2005 2262 2074 scapula.
2285 2005 2405 2059 Lu-

285 2101 405 2156 suit.
422 2099 587 2170 Quod
599 2094 1002 2152 soedumfacinus
1013 2107 1180 2159 quum
1194 2087 1298 2140 ani·
1391 2087 1571 2141 cianus
1595 2086 1863 2153 ὠμοπλάτην
1886 2081 2056 2136 habet.
2079 2109 2144 2122 —
2159 2082 2242 2135 De
2265 2102 2405 2156 syn-

286 2177 689 2233 madvertissent
710 2173 803 2226 Dii
823 2210 839 2237 ,
863 2170 1101 2223 membra
1123 2183 1301 2219 rursus

283 2261 695 2324 composuerunt
737 2259 929 2319 prater
968 2246 1252 2299 humerum
1280 2281 1297 2309 ‚

287 2330 1008 2407 quem-Ceresconsumserat.
1026 2323 1303 2376 &bui-neus

285 2414 452 2485 igitur
463 2410 512 2463 ci
528 2408 779 2462 humerus
794 2404 961 2458 datus.
976 2401 1190 2456 Confer.
1206 2399 1304 2471 Ly-

289 2489 544 2560 cophron.
571 2483 715 2538 Cass.
747 2488 875 2555 159;
900 2479 1145 2552 Hyginus
1162 2516 1177 2542 ,
1201 2476 1304 2529 fab.

288 2570 387 2631 833
411 2566 624 2621 Servius
639 2603 655 2630 ,
680 2561 745 2616 ad
764 2559 1045 2629 Virgilium
1068 2597 1086 2623 ‚
1109 2555 1305 2625 Georg.

293 2648 407 2712 111,
426 2665 451 2715 7
467 2669 482 2710 ς
500 2643 674 2699 Schol.
691 2639 927 2704 Pindari,
943 2637 1006 2690 ad
1025 2635 1240 2708 Olymp.
1259 2652 1304 2687 ι.

291 2724 520 2794 Impiam
545 2732 600 2775 et
617 2717 984 2774 incredibilem
1007 2733 1126 2768 eam
1149 2714 1304 2767 sabu-

291 2804 399 2857 lam
415 2800 650 2869 iudicant
667 2795 956 2859 Pindarus,
974 2792 1025 2845 d.
1039 2793 1073 2845 l.
1091 2832 1106 2858 ,
1132 2801 1186 2844 et
1204 2790 1307 2842 Eu·

294 2880 517 2952 ripides,
541 2877 705 2947 Iphig.
724 2876 883 2929 Taur.
898 2873 992 2941 387
1017 2890 1129 2940 sqq.
1145 2871 1308 2923 Forte

295 2968 454 3031 poeta
487 2954 666 3023 aliquis
704 2951 989 3004 humerum
1017 2949 1131 3017 ejus
1151 2950 1309 3000 ebur·-

293 3057 443 3095 neum
455 3041 727 3086 vocaverat
743 3070 759 3097 ‚
780 3041 839 3083 ut
861 3027 1137 3098 pulchrum
1155 3026 1310 3096 signi·

296 3117 573 3171 ficaret.--
602 3110 809 3160 Talibus
825 3107 1072 3169 extemplo
1139 3099 1310 3156 dei-lis.

302 3189 529 3246 Codices
542 3183 709 3239 nostri
731 3181 902 3250 Regii,
931 3181 1138 3231 Talibus
1151 3197 1310 3231 esen·

290 3271 402 3339 plis·
422 3269 600 3325 datis,
627 3260 682 3314 id
709 3267 788 3312 est
805 3296 822 3323 ‚
850 3256 904 3310 in
928 3253 1164 3307 medium
1187 3251 1314 3304 alla-

303 3348 370 3402 tis
388 3365 402 3400 z
417 3342 651 3414 displicet
665 3349 840 3392 tamen
855 3334 952 3389 ista
963 3329 1190 3404 syntaxis
1204 3369 1220 3396 ‚
1233 3332 1314 3382 de·-

301 3443 413 3480 cm
431 3439 570 3475 exem
603 3422 674 3471 Ia.
697 3414 798 3470 Ed.

369 3501 482 3568 403.
564 3504 701 3558 ater,
741 3491 910 3548 Niobe
930 3529 946 3556 ‚
989 3487 1137 3555 cuius
1155 3486 1319 3538 frater

211 3611 222 3624 ·
306 3584 506 3647 &lapsu
523 3578 573 3631 1s
585 3593 693 3646 proe
707 3574 851 3627 luctu
865 3577 1062 3623 vestem
1086 3563 1315 3630 deducit,

305 3670 464 3727 atque
484 3657 558 3709 ita
577 3655 833 3708 humerus
855 3650 969 3719 ejus
991 3653 1217 3715 apparet.
1230 3642 1321 3696 Sic

306 3733 598 3794 intruditur
631 3732 803 3801 potius
823 3768 838 3794 ,
876 3743 1035 3795 quam
1070 3720 1321 3776 intexitur

305 3812 496 3871 sabula.
507 3836 575 3852 ·-
588 3811 642 3862 A
644 3812 685 3861 d
693 3815 899 3875 pectora
917 3803 1129 3855 deduxit
1142 3804 1320 3851 testes.

311 3894 396 3948 lta
413 3929 430 3956 ‚
457 3888 589 3941 libro
614 3885 697 3939 Ill
717 3923 732 3951 ‚
762 3885 861 3949 480
883 3919 898 3947 ,
921 3897 1118 3933 uma
1135 3880 1322 3928 ersten

311 3970 553 4036 dedecere
572 3967 638 4015 ab
659 3980 749 4014 ora
767 3999 781 4021 ,
808 3956 948 4027 quod
970 3955 1127 4008 fiebat
1143 3952 1325 4023 planc-

271 4059 274 4062 ’
316 4056 398 4102 tus
418 4058 587 4096 causa·
605 4065 674 4079 —
686 4037 912 4089 &hei-tm.
930 4031 1223 4095 Palatinus,
1246 4032 1325 4080 sl·-

314 4127 562 4184 aee'strua3
592 4112 734 4185 quod
755 4111 1020 4182 eleganter
1040 4108 1238 4162 dictum
1254 4104 1323 4161 vi·

546 4215 698 4286 III.

1396 2166 1497 2218 taxi
1512 2165 1692 2233 juguli
1707 2167 1898 2215 medius
1918 2169 1975 2214 et
1989 2166 2189 2226 lacerti,
2211 2161 2329 2215 vide
2343 2161 2410 2215 ad

1398 2240 1471 2308 V,
1487 2241 1603 2307 644.
1617 2268 1685 2280 —
1710 2237 2064 2305 comparentis.
2091 2235 2274 2292 Codex
2291 2239 2410 2293 Re-

1397 2316 1510 2387 gius
1523 2317 1570 2370 B
1583 2316 1709 2385 legit
1722 2320 2075 2381 convenientem·
2086 2314 2264 2368 minus
2275 2327 2411 2386 apte.

1398 2395 1497 2447 Ed.
1520 2419 1587 2436 -·-
1601 2397 1763 2447 Facto
1783 2396 1874 2445 illo
1890 2431 1907 2454 ,
1935 2392 2024 2445 illo
2040 2392 2279 2445 Deorum
2304 2393 2412 2446 be-

1397 2470 1606 2524 neficio.
1628 2473 1729 2523 Ed.
1748 2498 1814 2511 -
1834 2473 2065 2538 Integre&-
2097 2470 2179 2523 cui
2205 2470 2409 2524 nullum

1401 2547 1704 2602 membrum
1733 2546 1878 2600 deest
1894 2587 1910 2613 ,
1948 2551 2186 2623 ὁλόκληρος.

1481 2624 1730 2692 412-676.
1770 2627 1967 2678 Procne
1992 2664 2006 2684 ‚
2049 2627 2329 2678 Philomela
2367 2631 2423 2677 e!

1410 2705 1595 2756 strutus
1613 2706 1669 2754 ἐκ
1688 2720 1821 2756 ans.
1847 2703 2081 2754 Pandion
2097 2702 2155 2756 11
2172 2740 2187 2768 ,
2209 2699 2419 2755 Cecro-

1402 2780 1480 2850 pis
1500 2780 1557 2833 11
1580 2778 1746 2845 filius,
1777 2788 1927 2848 pater
1961 2777 2115 2847 AEgei
2137 2816 2153 2844 ,
2190 2777 2281 2847 qui
2316 2798 2415 2832 re-

1403 2857 1582 2926 gnavit
1603 2874 1746 2909 anno
1774 2856 1899 2909 1333
1921 2894 1937 2921 ,
1979 2866 2099 2908 ante
2124 2873 2212 2908 er.
2240 2854 2371 2909 Chr.
2395 2896 2414 2922 ,

1400 2934 1533 2989 filias
1554 2934 1737 2990 habuit
1758 2936 1982 2987 Pmcm
1997 2942 2052 2987 et
2066 2934 2409 2997 Phaonem»,

1405 3031 1631 3083 quarum
1666 3012 1899 3082 priorem
1931 3012 2083 3063 Tereo
2107 3009 2299 3065 Thraci
2320 3050 2335 3078 ,
2363 3021 2423 3064 ut

1406 3110 1533 3162 opes
1556 3109 1674 3145 suas
1706 3088 1957 3144 stabiliret
1983 3127 2000 3155 ,
2044 3087 2103 3140 in
2137 3089 2422 3144 matrimo-

1405 3173 1561 3227 nium
1584 3169 1743 3226 dedit.
1786 3171 1874 3225 Sic
1896 3170 2178 3225 Pausanias
2201 3210 2218 3237 ‚
2259 3173 2417 3227 Attic-

1409 3268 1459 3319 p.
1489 3250 1578 3312 13;
1602 3265 1789 3301 verum
1801 3247 1997 3300 Noster
2008 3247 2257 3302 intellexit
2276 3249 2422 3303 Pan-

1408 3327 1624 3380 dionem
1650 3326 1676 3378 1
1697 3364 1712 3391 ,
1740 3322 2070 3377 Erichthonii
2100 3324 2269 3379 filium
2286 3365 2301 3392 ,
2328 3327 2422 3395 qui

1410 3403 1513 3456 suit
1529 3401 1679 3454 annis
1704 3402 1796 3453 130
1814 3400 2092 3468 antiquior.
2106 3401 2244 3454 Nam
2261 3403 2422 3469 infra,

1412 3497 1569 3532 versu
1603 3478 1697 3546 577
1715 3516 1730 3544 ,
1769 3477 1883 3545 ejus
1925 3495 2275 3531 successorem
2305 3477 2429 3532 facit

1414 3555 1727 3611 Erechthea.
1746 3554 1836 3609 Sic
1855 3555 2013 3608 etiam
2039 3555 2390 3624 Apollodorus
2407 3579 2422 3620 ς

1413 3646 1468 3689 et
1481 3635 1616 3687 hanc
1633 3631 1949 3687 Ovidianam
1962 3632 2223 3687 rationem
2238 3634 2424 3702 probat

1417 3711 1713 3776 Meursius,
1741 3710 1911 3779 Regu.
1929 3710 2086 3763 Attic.
2112 3710 2199 3764 lib.
2215 3712 2269 3765 11
2285 3750 2300 3776 ,
2316 3731 2425 3782 cap.

1416 3793 1450 3857 4
1467 3800 1522 3842 et
1543 3791 1589 3841 5.
1603 3788 1805 3842 Tereus
1830 3799 2009 3842 autem
2031 3798 2110 3842 est
2131 3791 2427 3860 exemplum

1417 3866 1646 3919 hominis
1676 3866 2036 3919 immanissimi
2057 3906 2074 3935 ,
2110 3879 2163 3921 et
2194 3887 2311 3937 que
2344 3870 2428 3925 hic

1418 3944 1644 3999 traditur
1680 3944 1849 3997 sabula
1867 3982 1883 4009 ,
1923 3962 2031 3997 non
2058 3943 2172 3998 sine
2209 3945 2428 4001 horrore

1419 4023 1581 4077 animi
1620 4022 1816 4093 perlegi
1855 4033 2038 4092 potest.
2088 4024 2223 4077 Nam
2262 4045 2432 4095 quum

1419 4101 1768 4157 Philomelam
1807 4100 1865 4154 in
1903 4117 2127 4170 regnum
2167 4121 2323 4158 sunm
2363 4102 2430 4155 ad

2078 4225 2166 4293 ²9
