2975 4784
673 593 786 697 P.
867 461 1382 694 oislml
1453 588 2112 695 NASONIS

457 811 2353 1014 METAMORPHOSEON

882 1077 1258 1164 ιιΒΕιι
1325 1073 1938 1202 QUINTUs.

428 1466 511 1527 Ν.
533 1463 609 1524 Β.
625 1464 1046 1548 Argumentum
1061 1463 1232 1546 hujus
1252 1463 1413 1524 Libri
1430 1437 1625 1546 quinti
1635 1413 2178 1547 metamorphoseon
2196 1507 2215 1541 ,
2235 1463 2473 1525 relatum

342 1572 600 1636 invenies
627 1575 686 1633 in
716 1571 859 1635 serie
886 1571 1171 1633 Cau‘rmu
1196 1615 1217 1649 ‚
1247 1593 1418 1654 supra
1443 1593 1573 1657 pag.
1603 1569 1706 1633 36.

345 1803 524 1876 ΓΔΒ.
550 1802 605 1875 I.
647 1773 1010 1890 DUMQUE
1043 1828 1117 1877 ea
1150 1800 1541 1903 Cephenum
1572 1799 1790 1875 medio
1820 1802 2155 1877 Danaeius
2187 1802 2388 1878 heros

346 1916 634 2015 Agmine
668 1935 1172 2008 commemorat,
1208 1918 1475 1994 fremitu
1506 1916 1750 2013 regalia
1781 1897 1993 2014 turbae

417 2115 599 2172 1-235.
630 2120 854 2173 Phimes
874 2126 928 2171 et
937 2123 1079 2173 socii.
1104 2118 1358 2186 Phineus,

347 2194 512 2248 frater
537 2193 776 2265 Cephei,
801 2196 887 2249 cui
913 2195 1221 2265 desponsata
1249 2205 1363 2249 erat

351 2271 729 2339 Andromeda,
755 2271 971 2342 indigne
995 2273 1169 2327 serens
1185 2291 1363 2341 ,erep-

348 2349 585 2404 tamsibi
613 2351 678 2404 ab
702 2347 904 2405 advena
924 2368 1204 2419 sponsam,
1239 2368 1364 2403 cum

347 2446 539 2497 magna
569 2438 895 2481 amatorum
932 2445 1095 2480 manu
1130 2425 1283 2479 irruit
1306 2415 1372 2480 in

347 2506 583 2572 atrium,
627 2505 682 2558 in
723 2523 829 2574 quo
869 2504 1168 2558 convivium
1215 2503 1364 2558 cele-

341 2582 608 2637 brabatur.
650 2582 794 2636 Hinc
821 2600 1042 2662 magnus
1062 2582 1362 2648 tumultus,

346 2681 541 2732 magna
574 2662 839 2732 utrimque
865 2660 1045 2716 cedes.
1072 2660 1160 2714 Ad
1182 2671 1365 2713 extre-

346 2758 500 2794 mum
524 2739 759 2793 adfertur
779 2737 1016 2793 Medusa
1035 2748 1366 2808 caput,un

347 2828 655 2886 conspecto,
681 2816 913 2872 Phineus
946 2836 1068 2871 cum
1094 2816 1243 2871 sociis
1278 2836 1369 2869 re-

344 2895 502 2966 liquis
524 2894 582 2949 in
603 2915 781 2949 saxum
797 2902 1044 2950 mutatur.
1060 2896 1185 2949 Jam
1200 2914 1368 2964 quum

349 2973 644 3041 Homerus,
657 2985 717 3028 et
735 2974 983 3044 Virgilius
1000 3014 1016 3042 ,
1034 2973 1160 3027 AEn.
1186 2975 1266 3028 lx
1279 3013 1294 3041 ,
1313 2983 1369 3027 et

347 3052 494 3108 libris
517 3072 627 3123 sqq.
646 3091 663 3120 ,
687 3052 1023 3123 copiosissimi
1045 3052 1229 3105 sintin
1251 3071 1367 3106 ce·-

349 3129 504 3185 dibus
522 3131 798 3202 diligenter
818 3129 1169 3185 describendis
1183 3168 1199 3195 ,
1229 3130 1367 3183 Nos-

350 3220 436 3263 ter
473 3220 580 3264 tam
618 3209 730 3274 hic,
760 3227 920 3278 quam
957 3207 1067 3262 ΧΠ
1104 3208 1156 3259 in
1190 3226 1368 3277 pugna

356 3286 753 3342 Centaurorum
771 3327 786 3355 ,
810 3305 998 3341 eorum
1021 3286 1254 3354 exempla
1271 3304 1370 3337 se-

352 3378 549 3439 quutus
564 3379 660 3433 est,
675 3379 728 3422 et
741 3366 942 3422 Phinea
965 3364 1105 3419 haud
1117 3365 1274 3419 dubie
1285 3385 1371 3418 as-

351 3449 580 3504 similare
603 3449 794 3503 Turno
813 3448 977 3502 voluit
994 3486 1009 3513 ,
1036 3447 1291 3518 pugnanti
1315 3458 1370 3500 et

353 3528 450 3598 ipsi
486 3528 556 3581 oh
589 3539 900 3599 praereptam
933 3526 1029 3581 sibi
1065 3526 1129 3579 ab
1167 3523 1369 3579 advena

354 3624 618 3696 sponsam.
653 3604 967 3660 Notabimus
989 3613 1168 3657 autem
1190 3601 1245 3654 in
1272 3599 1372 3654 hac

352 3684 603 3764 carminis
625 3693 773 3773 parte
795 3682 1104 3736 varietatem
1126 3697 1372 3762 pugnan-

352 3755 525 3825 tinum
551 3760 643 3829 qui
668 3770 848 3828 etate,
877 3759 998 3812 vite
1022 3775 1248 3827 genere,
1271 3755 1375 3825 pa-

354 3837 495 3902 tria,
529 3844 757 3902 ornatu,
781 3835 1044 3900 moribus,
1070 3833 1256 3886 mortis
1279 3850 1374 3904 ge-

353 3933 489 3969 nere
512 3911 841 3969 differebant.
869 3912 1058 3966 Mirari
1094 3922 1272 3966 autem
1308 3911 1375 3964 li-

356 4003 476 4061 cet,
513 4011 577 4045 ex
610 4000 691 4046 tot
726 3990 939 4045 diversis
976 4000 1031 4044 et
1064 3989 1374 4044 distantibus

361 4070 602 4142 gentibus
615 4068 888 4124 bellatores
902 4069 956 4122 in
973 4067 1242 4138 AEthiopia
1255 4068 1373 4122 suis·

363 4169 434 4205 se·
455 4151 581 4207 Non
601 4161 761 4221 puto,
788 4149 1044 4206 Ovidium
1071 4167 1256 4204 eorum
1280 4167 1373 4202 no-

1456 2119 1603 2173 mina
1652 2115 1857 2173 finxisse
1879 2141 1892 2182 ;
1935 2118 2027 2172 sed
2047 2156 2063 2186 ,
2113 2129 2175 2174 ut
2219 2120 2336 2186 111,
2377 2121 2477 2174 206

1456 2219 1566 2269 sqq.
1583 2239 1599 2266 ,
1638 2216 1831 2251 canum
1869 2198 2130 2251 Actaeonis
2144 2237 2159 2265 ,
2200 2207 2253 2251 et
2273 2199 2342 2252 ib.
2372 2199 2472 2255 605

1456 2297 1567 2347 sqq.
1578 2287 1860 2332 nautarum
1876 2277 2283 2349 Tyrrhenorum
2297 2278 2477 2331 nomi-

1459 2372 1560 2417 na,
1594 2351 1656 2405 ab
1677 2352 1971 2421 antiquiore
1997 2363 2151 2422 poeta
2180 2353 2390 2423 aceepit.
2425 2353 2472 2407 E

1456 2429 1822 2498 scriptoribus,
1849 2430 1939 2497 qui
1966 2440 2198 2494 restant,
2225 2441 2329 2484 tres
2356 2441 2477 2484 tan-

1459 2520 1575 2563 tum
1593 2510 1822 2563 breviter
1832 2509 1991 2579 hujus
2007 2511 2475 2573 reimeminerunt;

1462 2586 1834 2658 Apollodorus,
1853 2589 1936 2650 11,
1958 2604 2037 2654 w,
2057 2590 2088 2642 3
2106 2629 2120 2655 ‚
2142 2590 2228 2642 ubi
2247 2587 2479 2644 Phineus

1458 2668 1735 2717 inse'de‘alur
1747 2667 1939 2718 Perseo
1953 2688 1967 2728 ς
1990 2666 2256 2738 Hyginus,
2275 2660 2376 2719 sali.
2392 2666 2476 2733 64,

1463 2759 1570 2810 quo
1589 2751 1799 2794 auctore
1822 2740 2069 2812 Cepheus
2083 2742 2190 2811 ipse
2206 2762 2331 2798 cuin
2351 2743 2483 2812 Age·

1463 2836 1594 2869 nore
1612 2857 1626 2884 ,
1642 2820 1791 2886 cujus
1801 2838 1991 2888 sponsa
2009 2817 2352 2873 Andromeda
2371 2820 2480 2874 sue·

1463 2907 1574 2961 rat,
1602 2895 1809 2949 insidias
1831 2896 2017 2961 struit,
2043 2906 2100 2949 et
2120 2894 2345 2961 Conon,
2376 2900 2441 2962 4ο
2463 2936 2478 2964 ,

1464 2972 1602 3043 apud
1635 2992 1794 3043 quem
1822 2973 2170 3028 Andromeda
2192 2973 2326 3027 duos
2354 2993 2481 3044 pro-

1415 3077 1424 3086 ·
1463 3077 1550 3112 cos
1572 3058 1728 3112 habet
1745 3098 1759 3123 ,
1791 3057 1993 3112 Phinea
2010 3069 2061 3112 et
2078 3058 2400 3112 Phoenicem.
2416 3087 2482 3101 —-

1462 3138 1709 3205 Dumque.
1729 3133 1912 3188 Codex
1933 3136 2128 3205 Regius
2141 3136 2188 3189 A
2208 3176 2224 3203 ,
2246 3137 2484 3205 Cumque,

1463 3214 1624 3267 dubio
1640 3213 1820 3284 procul
1834 3253 1849 3279 ,
1870 3233 2052 3268 errore
2075 3215 2365 3269 miniatoris
2389 3216 2484 3284 qui

1462 3291 1668 3348 literam
1707 3290 1754 3344 C
1794 3308 1891 3360 pro
1929 3290 1981 3344 D
2022 3291 2217 3361 pinxit:
2255 3311 2382 3346 nam
2427 3293 2484 3346 in

1468 3367 1642 3424 codd.
1672 3366 1901 3437 antiquis
1916 3406 1932 3434 ,
1956 3369 2255 3437 majusculae
2279 3369 2441 3423 litera
2459 3408 2476 3437 ,

1464 3465 1577 3500 non
1597 3465 1763 3498 manu
1778 3456 2072 3513 exarantur,
2088 3445 2179 3501 sed
2195 3446 2486 3516 pinguntur

1467 3523 1547 3576 vel
1569 3521 1755 3588 minio,
1779 3522 1859 3575 vel
1876 3542 2099 3590 cerussa,
2114 3521 2362 3575 vividisve
2376 3521 2486 3575 aliis

1465 3599 1742 3663 coloribus,
1758 3598 2037 3669 aliquando
2047 3600 2347 3666 hominum,
2362 3617 2487 3667 qua·

1468 3675 1794 3748 drupedum,
1815 3677 2035 3731 altilium
2053 3718 2069 3744 ,
2090 3679 2337 3733 arborum
2354 3718 2368 3744 ,
2390 3676 2489 3731 sso-

1442 3809 1450 3820 ,
1469 3774 1611 3821 rum,
1623 3755 1748 3825 quin
1764 3765 1818 3808 et
1828 3754 2195 3810 chima-arum
2214 3754 2392 3826 figuris
2406 3774 2487 3808 or·

1469 3845 1740 3901 nantur3et
1749 3833 1814 3887 ad
1824 3833 1876 3888 id
1891 3853 2083 3889 vacuus
2090 3835 2488 3906 relinquebatur

1469 3914 1612 3970 locus
1624 3954 1641 3982 ,
1664 3926 1724 3969 ut
1746 3915 1995 3970 miniator
2011 3915 2104 3982 (sie
2120 3916 2372 3986 pictorem
2387 3935 2483 3969 vo-

1468 3993 1677 4059 cabant)
1689 3994 1813 4048 tales
1827 3991 2106 4064 effingeret
2118 3995 2486 4066 imagines-Ed.

1535 4091 1580 4124 2.
1604 4072 1816 4138 Acmen,
1844 4074 2354 4140 emtus—Fremilaes,
2375 4087 2490 4140 pro-

1469 4148 1701 4205 miscuus
1723 4147 1922 4204 clamor
1946 4150 2241 4206 multorum
2263 4165 2371 4202 una
2396 4162 2493 4197 vo·-
