2975 4784
593 384 726 453 DE
772 383 1119 451 OPERE
1176 382 2250 454 METAMORPHOSEON.
2400 389 2483 457 23

286 463 291 466 ⁴
359 522 570 622 Quod
590 522 763 595 idem
782 520 1132 607 variatum,
1158 521 1289 594 Vll
1308 576 1328 608 ,
1371 519 1504 621 781
1537 550 1682 626 sqq.
1707 521 1895 597 Adde
1914 525 2018 611 Π,
2049 522 2183 596 861
2213 579 2232 612 ,
2265 522 2487 601 lusum

357 651 646 748 Europae
663 664 730 721 et
746 644 895 721 {alsi
925 644 1129 733 tanri3
1159 647 1291 733 111,
1320 643 1416 717 66
1441 675 1616 747 sqq..
1633 664 1999 746 serpentem
2025 648 2254 724 Cadmi
2273 649 2487 748 jaculo

356 768 769 845 vulneratum
795 798 812 856 ;
857 767 991 840 125
1021 797 1167 871 sqq.
1191 823 1211 856 ,
1241 770 1576 845 Actaeonis
1596 798 1720 871 per
1750 799 1940 847 canes
1966 770 2448 848 dilaniationem
2470 803 2488 861 ;

357 896 498 979 IV,
540 891 721 981 358,
777 891 1159 967 Salmacidis
1196 910 1263 967 et
1286 893 1836 995 Hermaphroditi
1872 894 2130 989 luctam.
2169 897 2274 971 lb.
2306 896 2487 990 480,

534 1107 551 1122 .
573 1106 589 1122 .
612 1107 630 1123 .
672 1062 992 1145 Tisiphone
1019 1064 1375 1128 madefactam
1407 1066 1683 1153 sanguine
1713 1067 1889 1128 sumit

520 1164 856 1244 importuna
888 1161 1060 1223 facem
1081 1208 1100 1238 ‚
1126 1163 1416 1246 fluidoque
1451 1185 1658 1226 cruore
1690 1164 1989 1226 rubentem

521 1260 792 1320 induitur
824 1259 1021 1341 pallam
1042 1304 1062 1335 ‚
1090 1271 1362 1343 tortoque
1391 1262 1699 1349 incingitur
1725 1285 1910 1350 angue
1931 1307 1953 1340 ‚

522 1358 947 1442 Egrediturque
971 1358 1168 1421 domo.
1208 1361 1427 1422 Luctus
1459 1362 1764 1424 comitatur
1795 1374 2026 1424 euntem

523 1457 603 1516 Et
630 1457 814 1519 Pavor
829 1501 851 1534 ‚
878 1470 939 1518 et
967 1458 1188 1520 Terror
1205 1503 1225 1535 ,
1254 1459 1593 1542 trepidoque
1617 1462 1839 1524 Insania
1871 1463 2056 1525 vultu.

355 1613 665 1684 Incessns
712 1611 951 1707 regina
1001 1614 1303 1714 superba
1345 1615 1766 1718 ejusdemque
1795 1615 1976 1692 iratae
2009 1614 2315 1703 mirifice,
2358 1615 2491 1700 VI,

370 1732 511 1806 165
531 1790 551 1825 ,
584 1751 893 1810 notatus:

522 1909 677 1970 Ecce
706 1907 865 1969 venit
891 1908 1163 1970 comitum
1191 1908 1382 1972 Niobe
1413 1910 1770 1989 celeberrima
1795 1911 1960 1973 turba
1979 1957 2000 1989 ,

522 2005 793 2069 Vestibus
820 2006 1041 2069 intexto
1071 2007 1335 2095 Phrygiis
1363 2010 1681 2092 spectabilis
1702 2030 1844 2073 auro
1865 2054 1884 2085 ‚

524 2106 605 2166 Et
622 2151 642 2182 ‚
667 2118 939 2187 quantum
959 2106 1041 2166 ira
1067 2107 1236 2182 sinit,
1268 2106 1552 2179 ἴοι-ωασπς
1586 2128 1937 2190 movensque
1958 2107 2172 2171 decoro

533 2203 685 2265 Cum
708 2206 887 2287 eapite
909 2207 1194 2269 immissos
1214 2206 1514 2268 humerum
1533 2227 1637 2288 per
1656 2218 1968 2286 utrumque
1983 2205 2217 2288 capillos

538 2302 849 2365 Constitit:
874 2319 1055 2388 utque
1077 2304 1279 2367 oculos
1308 2304 1658 2368 circumtulit
1683 2303 1792 2365 alta
1820 2302 2096 2386 superbos
2115 2346 2134 2379 ‚
2162 2315 2274 2367 ete.

362 2464 661 2560 Pugnam
689 2465 905 2540 Persei
933 2494 1082 2540 cum
1109 2464 1331 2541 bellua
1354 2465 1600 2541 marina
1621 2521 1641 2553 ‚
1681 2466 1780 2538 lv
1799 2521 1819 2553 ‚
1864 2490 1902 2564 7
1921 2490 2007 2537 10
2028 2520 2048 2552 ‚
2092 2462 2498 2538 venationem

362 2588 513 2664 serae
540 2589 880 2685 ‚Thebana
902 2645 922 2677 ‚
957 2590 1129 2677 vll,
1178 2587 1317 2690 765
1337 2645 1357 2677 ‚
1391 2605 1460 2663 et
1482 2587 1627 2690 apri
1654 2585 2003 2690 Calydonii
2023 2642 2046 2675 ,
2080 2587 2247 2661 VIII
2268 2639 2289 2671 ‚
2323 2579 2498 2683 329,

362 2714 515 2815 quis
546 2742 812 2791 narrare
848 2712 1255 2810 ingeniosius
1278 2714 1540 2815 possit?
1572 2712 1808 2816 Byblis
1831 2711 2017 2787 fratri
2043 2711 2267 2786 literas
2290 2708 2501 2811 scrip-

363 2856 547 2927 tura,
580 2842 721 2927 lx,
751 2838 884 2912 521
922 2868 941 2914 ε

522 3024 735 3083 Dextra
763 3032 923 3083 tenet
953 3020 1162 3082 ferrum
1179 3064 1199 3097 ,
1230 3041 1460 3082 vacuam
1490 3030 1645 3081 tenet
1671 3017 1844 3080 altera
1872 3037 2073 3079 ceram.
2103 2999 2108 3005 ¹

531 3127 747 3210 Incipit
771 3141 833 3190 et
858 3127 1107 3201 dubium
1143 3126 1340 3190 scribit
1367 3118 1705 3208 damnatque
1726 3123 1996 3202 tabellas3

530 3235 610 3297 Et
636 3247 803 3298 uotat
830 3246 892 3296 et
917 3235 1102 3307 delen
1134 3247 1346 3311 mutat,
1371 3234 1674 3316 culpatque
1691 3277 1712 3308 ‚
1736 3231 2088 3315 probatque,

528 3342 720 3423 Inque
746 3342 930 3404 vicem
963 3354 1175 3404 sumtas
1203 3342 1371 3424 pouit
1387 3384 1407 3418 ‚
1439 3339 1767 3421 positasque
1791 3339 2047 3400 resumit.

366 3501 755 3604 Pygmalion
778 3560 799 3593 ‚
836 3534 1042 3607 quum
1067 3520 1349 3579 statuam
1373 3530 1560 3577 suam
1585 3500 1973 3577 absolvisset
1991 3559 2010 3591 ‚
2043 3504 2110 3576 X
2132 3558 2151 3591 ‚
2189 3501 2331 3594 254
2361 3531 2374 3571 :

531 3688 697 3770 Soepe
728 3707 927 3750 manus
962 3687 1125 3770 operi
1152 3697 1433 3748 tentantes
1460 3684 1762 3763 admovet,
1791 3707 1862 3747 an
1893 3685 1969 3747 sit

538 3793 768 3876 Corpus
787 3836 808 3872 ,
834 3814 906 3854 an
941 3792 1080 3854 illud
1108 3792 1253 3854 ebur
1281 3811 1296 3848 τ
1329 3812 1437 3854 nec
1462 3791 1608 3854 ebur
1647 3803 1833 3852 tamen
1861 3811 1983 3853 esse
2016 3790 2244 3853 fatetur.

546 3898 758 3962 Oscula
786 3900 881 3961 dat
897 3944 917 3978 ,
945 3898 1219 3981 reddique
1248 3910 1410 3981 putat
1436 3922 1452 3958 ε
1485 3898 1856 3982 loquiturque
1883 3910 2154 3980 tenetque
2170 3941 2189 3972 ‚

539 4007 624 4067 Et
647 4006 829 4067 credit
845 4050 865 4083 ,
894 4005 1060 4067 tactis
1086 4002 1297 4088 digitos
1322 4005 1567 4066 insidere
1598 4004 1862 4066 membris
1881 4049 1901 4080 ‚

532 4114 615 4173 Et
647 4111 851 4173 metuit
869 4156 889 4187 ‚
920 4130 1149 4193 pressos
1180 4110 1368 4171 veniat
1391 4131 1465 4172 ne
1496 4110 1646 4171 livor
1674 4111 1737 4169 in
1763 4121 1940 4170 artus.
