2975 4784
684 363 1277 431 METAMORP
1297 364 1359 432 H
1379 363 1712 433 OSEON
1762 367 1952 434 LIB.
2013 368 2103 436 V.

2325 369 2459 462 369

341 533 381 568 »
413 502 515 575 De
551 517 655 575 tot
690 503 865 598 agris
901 520 1087 576 terrae
1116 532 1134 575 ι
1167 533 1203 567 »
1241 531 1617 604 corpusque
1651 531 1977 600 exsangue
2011 505 2297 608 reliquit.

335 620 642 718 Torquet
674 618 745 690 in
776 617 959 692 hunc
986 618 1245 692 hastam
1280 617 1497 692 calido
1533 617 1613 691 de
1643 615 1909 692 vulnere
1938 638 2190 720 raptam

337 732 573 807 Victor
603 732 1057 808 Abantiades:
1090 734 1307 808 media
1344 763 1488 835 quae
1521 763 1679 809 nare
1712 754 1977 837 recepta

339 849 611 923 Cervice
646 866 870 924 exacta
903 867 1034 938 est,
1072 851 1143 922 in
1176 867 1533 952 partesque
1566 851 1810 926 eminet
1837 852 2084 927 ambas.

339 964 655 1066 Dumque
670 993 937 1039 manum
954 967 1247 1040 Fortuna
1267 966 1483 1066 juvat,
1517 966 1946 1069 Clytiumque
1967 966 2334 1072 Claninque
2381 994 2476 1063 140

339 1081 560 1155 Matre
593 1098 771 1155 satos
798 1109 969 1170 una,
1002 1081 1261 1155 diverso
1289 1080 1560 1157 vulnere
1593 1082 1772 1156 fudit
1799 1114 1817 1156 :

339 1196 514 1269 Nam
553 1194 756 1297 Clytii
789 1225 912 1297 per
943 1213 1302 1298 utrumque
1336 1199 1519 1298 gravi
1554 1196 1797 1273 librata
1826 1197 2076 1274 lacerto

339 1313 666 1386 Fraxinus
701 1330 844 1386 acta
877 1312 1127 1400 femur3
1157 1311 1447 1412 jaculum
1473 1311 1707 1387 Clanis
1743 1343 1855 1389 ore
1890 1316 2266 1390 momordit.

343 1427 616 1502 Occidit
650 1446 718 1502 et
753 1427 1050 1502 Celadon
1086 1428 1515 1516 Mendesius3
1554 1428 1798 1503 occidit
1827 1432 2111 1506 Astreus
2131 1488 2150 1522 ‚

341 1543 565 1617 Matre
599 1542 979 1633 Palaestina,
1014 1543 1223 1617 dubio
1263 1544 1564 1640 genitore
1597 1562 1893 1633 creatus;

2388 1570 2480 1639 145

347 1657 769 1758 AEthionque
806 1687 999 1755 sagax
1034 1657 1370 1759 quondam
1405 1674 1681 1732 ventura
1713 1656 1971 1746 videre,
1998 1697 2007 1702 ·

343 1776 544 1848 Tunc
579 1804 691 1849 ave
727 1774 1043 1876 deceptus
1074 1773 1279 1861 salsa3
1315 1773 1624 1872 regisque
1661 1772 1991 1846 Thoactes

343 1889 691 1986 Armiger3
728 1907 795 1965 et
826 1919 992 1965 caeso
1030 1890 1329 1986 genitore
1363 1887 1626 1962 infamis
1660 1890 1965 1990 Agyrtes,

446 2005 612 2080 Plus
648 2023 865 2081 tamen
892 2006 1213 2080 exhausto
1240 2022 1582 2107 superest3
1612 2033 1897 2105 namque
1928 2005 2243 2080 omnibus
2278 2035 2488 2081 unum

344 2122 753 2223 Opprimere
793 2139 896 2195 est
930 2122 1189 2194 animus
1219 2151 1234 2194 :
1269 2121 1606 2220 conjurata
1641 2119 1939 2220 undique
1974 2140 2278 2221 pugnant

2398 2143 2493 2197 150

338 2237 638 2333 Agmina
667 2264 793 2337 pro
832 2263 1027 2308 causa
1058 2236 1366 2309 meritum
1393 2236 1826 2335 impugnante
1856 2234 2205 2337 fidemque.

343 2357 498 2428 Hac
528 2381 656 2455 pro
691 2369 879 2454 parte
917 2379 1105 2454 socer
1137 2351 1383 2425 frustra
1413 2351 1570 2453 pius
1592 2406 1611 2440 ‚
1650 2367 1717 2424 et
1750 2379 1921 2423 nova
1960 2353 2200 2452 conjux
2224 2410 2244 2442 ‚

427 2569 535 2637 138.
552 2568 871 2622 Abantiades
881 2607 895 2628 ,
921 2566 1144 2619 Perseus
1155 2604 1172 2634 ,
1189 2565 1245 2619 A
1246 2568 1373 2619 bate-

343 2653 426 2702 tis
444 2665 721 2716 pronepos.
750 2644 979 2699 Acrisius
998 2644 1145 2698 enim
1161 2643 1372 2698 Danaes

343 2734 508 2796 pater
536 2734 648 2777 erat
665 2763 680 2791 ,
706 2722 842 2776 filius
867 2721 1104 2776 Abantis.
1134 2723 1236 2773 Ed.

428 2801 535 2871 139.
566 2802 629 2853 In
653 2807 922 2868 partesque
959 2804 1145 2852 emine!
1176 2801 1371 2852 ambas.

346 2882 607 2953 Διαμπερὲς
627 2877 728 2930 tale
751 2877 916 2929 telum
938 2877 1000 2931 ab
1018 2876 1262 2930 Homero
1278 2877 1371 2928 iio—

345 2968 522 3012 catur.
535 2985 603 2996 —
617 2959 845 3010 Lt'brala.
862 2956 1001 3010 Vide
1025 2956 1088 3009 ad
1114 2957 1197 3010 Ill
1214 2996 1230 3023 ,
1257 2957 1317 3008 31
1330 2976 1372 3008 1.

347 3038 649 3089 ,libratione
666 3034 751 3088 illa
770 3073 785 3102 ‚
808 3034 884 3087 vis
908 3034 1134 3087 maxima
1155 3034 1375 3087 addeba-

346 3125 450 3168 tur
464 3111 577 3165 telis
591 3133 606 3176 ς
630 3113 805 3180 itaque
822 3121 876 3165 et
890 3111 1016 3168 AEn.
1032 3112 1110 3165 lx
1124 3152 1139 3178 ,
1159 3112 1257 3178 418
1274 3150 1290 3177 ,
1306 3114 1377 3163 li-

344 3195 506 3244 brata
515 3192 668 3242 hasta
679 3190 721 3242 it
728 3189 876 3259 Tago
883 3209 979 3257 per
985 3196 1177 3257 tempus
1189 3196 1375 3241 ulrum-

344 3285 467 3338 que.
481 3295 549 3306 —
562 3269 838 3321 Homondit
847 3265 1086 3334 jaculum
1100 3307 1114 3330 ,
1143 3264 1376 3333 iaculum

346 3346 511 3401 haesit
538 3347 593 3400 in
631 3366 738 3400 ore.
769 3346 1072 3412 Homerus,
1117 3343 1266 3397 Iliad.
1293 3344 1372 3412 E,

351 3428 427 3496 75
454 3442 467 3477 ζ
497 3428 668 3501 ψυχρᾶν
702 3422 748 3478 δ’
774 3430 842 3477 ’ἕλε
868 3428 1036 3492 χαλκᾶν
1061 3424 1254 3477 o‘d'osa'eev·

435 3504 540 3568 144.
573 3504 787 3554 Mendes
807 3541 821 3563 ,
873 3499 1129 3570 oppidum
1162 3498 1379 3570 AEgypti

346 3587 418 3633 et
433 3595 620 3632 nomos
638 3577 703 3630 ad
719 3577 913 3630 ostium
933 3575 1039 3630 Nili
1058 3615 1074 3642 ,
1098 3573 1239 3644 quod
1254 3572 1378 3626 inde

348 3654 721 3712 Mendesium.
731 3654 943 3719 Plin.V,
959 3664 1057 3726 9et
1077 3673 1098 3706 1
1110 3673 1131 3706 1
1142 3673 1155 3717 ;
1168 3652 1376 3716 Strabo,

350 3731 545 3789 XVII.
575 3760 642 3772 —
671 3734 838 3784 Matre
859 3734 1151 3784 Palaestzha.
1178 3728 1379 3782 Palaes-

347 3811 474 3865 tina
490 3801 637 3876 regio
659 3818 737 3861 est
753 3807 920 3880 Syriae
934 3806 1263 3859 contermina
1277 3805 1313 3857 J
1318 3825 1382 3857 u·-

350 3890 493 3944 daeae
511 3926 527 3951 ,
548 3905 577 3938 a
592 3885 866 3939 Palaestina
883 3886 1011 3937 urbe
1031 3884 1181 3939 dicta.
1209 3887 1382 3937 Ed.—

351 3969 540 4022 Dube’o
569 3967 804 4031 genitore.
835 3963 1025 4030 Quum
1048 3973 1197 4032 pater
1217 3963 1380 4032 igno-

354 4055 513 4100 ratur
529 4082 545 4109 ,
572 4041 707 4104 filius
733 4040 923 4094 dicitur
945 4046 1178 4109 spun'us,·
1202 4044 1383 4094 nothus

361 4136 545 4181 autem
563 4163 579 4191 ,
610 4123 698 4191 qui
732 4142 796 4178 ex
817 4122 1108 4177 concubina
1129 4162 1144 4190 ,
1184 4140 1294 4175 non
1319 4140 1381 4175 ex

559 4224 714 4293 III.

1468 2562 1702 2635 legitima
1724 2582 1885 2617 uxore
1906 2574 2060 2619 natus
2077 2577 2154 2620 est
2174 2607 2189 2633 ,
2219 2567 2310 2622 sed
2332 2569 2490 2624 habet

1468 2650 1675 2710 patrem
1696 2650 1917 2694 certum.
1943 2644 2043 2695 Ed.
2067 2669 2134 2684 -
2160 2647 2380 2698 Ventura
2399 2652 2489 2699 υί-

1467 2721 1609 2782 dere,
1636 2719 1695 2772 in
1736 2718 1973 2774 videndis
2007 2723 2257 2777 venturis.
2291 2751 2358 2765 —
2379 2727 2493 2778 Ave

1466 2800 1724 2865 deceptum
1747 2837 1762 2860 ‚
1830 2817 1936 2867 quo
1992 2799 2167 2854 minus
2212 2801 2491 2856 interitum

1466 2893 1624 2929 suum
1663 2875 1989 2944 praevideret.
2016 2877 2174 2932 Silius
2191 2920 2208 2946 ,
2235 2881 2289 2932 V
2308 2920 2323 2946 ,
2361 2884 2457 2948 405
2473 2922 2490 2948 ,

1466 2957 1619 3006 vam&
1651 2956 1885 3022 deceptus
1914 2959 1970 3006 in
2005 2959 2131 3009 ale‘le
2152 2963 2328 3025 s131m25.
2374 2960 2494 3012 Hoc

1471 3048 1683 3100 quoque
1722 3052 1785 3085 ex
1826 3032 2070 3086 Homero
2121 3044 2174 3086 et
2229 3033 2449 3105 Virgilio
2478 3058 2492 3090 :

1471 3108 1672 3162 etenim
1711 3109 1770 3162 ll.
1798 3108 1844 3161 B
1863 3148 1878 3176 ,
1918 3109 2046 3184 859,
2083 3110 2249 3182 Mysis
2273 3126 2494 3182 preerat

1473 3185 1757 3238 Ennomus
1791 3204 1994 3255 augur,
2042 3187 2129 3256 qui
2167 3193 2241 3243 οὐκ
2269 3196 2496 3247 οἰωνοῖσιν

1473 3266 1692 3333 ἷρῦσσατο
1706 3276 1825 3339 κίρα
1839 3268 2084 3331 pilae-mn
2105 3267 2230 3320 AEn.
2250 3269 2328 3323 IX
2342 3310 2358 3337 ,
2373 3272 2492 3340 327,

1479 3342 1648 3392 ,Turno
1685 3345 2007 3407 gratissimus
2035 3364 2197 3411 augur
2217 3366 2233 3398 .·
2266 3349 2371 3400 Sed
2397 3368 2497 3402 non

1471 3422 1683 3486 augurio
1698 3424 1874 3485 potuit
1890 3422 2129 3488 depellere
2140 3433 2349 3490 pestem.

1547 3498 1655 3569 ¹49·
1680 3499 1809 3550 Plus
1839 3502 2004 3551 lamen
2025 3511 2122 3554 etc.
2157 3504 2358 3574 Pugnae
2390 3506 2496 3560 de—

1473 3574 1685 3644 scriptio
1695 3575 2100 3648 interrumpitur
2112 3581 2495 3650 aliquandiu.—

1475 3653 1757 3704 Exhausto.
1785 3650 1919 3708 cod.
1940 3655 2069 3726 Reg.
2096 3658 2142 3711 B
2156 3697 2171 3726 ,
2193 3663 2484 3729 ethomme,

1474 3728 1691 3783 subaud.
1714 3735 1837 3783 w'ris
1850 3748 1870 3797 ,⁶
1896 3732 1953 3785 in
1977 3733 2134 3804 Vulg.
2147 3737 2363 3792 subaud.
2387 3763 2494 3796 nu-

1476 3828 1610 3861 mero
1633 3814 1860 3866 virorum.
1879 3840 1948 3851 —
1966 3816 2068 3866 Pro
2089 3834 2249 3868 causa
2268 3827 2491 3876 merdam

1475 3889 1829 3953 tbi-pugnant&
1857 3887 1958 3942 hoe
1981 3900 2058 3943 est
2079 3929 2094 3958 ,
2128 3911 2224 3962 pro
2247 3895 2454 3952 Phineo
2473 3940 2489 3966 ,

1477 3966 1568 4034 qui
1591 3976 1643 4019 et
1664 3972 1884 4021 met-ilum
1909 3969 2120 4038 Persei,
2147 3992 2251 4041 quo
2276 3976 2493 4031 Andro-

1474 4043 1688 4097 medam
1710 4057 2037 4112 servaverat,
2079 4060 2134 4102 et
2145 4054 2307 4120 fidem
2331 4056 2426 4122 ipsi
2463 4074 2491 4107 a

1475 4141 1598 4191 rege
1623 4121 1796 4179 datam
1817 4130 2154 4194 impugnabat.
2180 4128 2279 4181 Ed.
2296 4157 2363 4170 —··
2376 4134 2493 4184 Fa·-

2131 4228 2215 4308 ²4
