2975 4784
730 314 1758 386 METAMORPHOSEON
1811 320 2002 386 ΜΒ.
2054 323 2114 386 1.
2400 346 2474 414 71

360 454 565 530 Hand
603 455 867 529 timeam
896 458 1117 552 magni
1150 457 1389 533 dixisse
1431 459 1678 533 Palatia
1713 458 1868 534 caeli.

445 576 628 667 Ergo
664 573 787 645 ubi
820 602 1186 647 marmoreo
1223 575 1463 674 Superi
1498 575 1719 649 sedere
1752 604 2046 664 recessu,

364 687 628 763 Celsior
659 689 804 789 ipse
841 688 991 764 loco
1014 745 1033 777 ,
1068 707 1461 790 sceptroque
1497 691 1762 764 innixus
1795 693 2048 766 eburno
2075 749 2095 782 ‚

362 804 749 878 Terrificatn
782 805 1016 904 capitis
1052 807 1389 880 concussit
1420 823 1652 908 terque
1686 825 2044 909 quaterque

367 920 752 1007 caesariem,
788 949 937 992 eum
978 949 1109 1020 qua
1141 939 1412 1009 terram,
1446 951 1661 1012 mare,
1696 925 1913 999 sidera
1934 981 1952 1013 ,
1987 925 2212 999 movit.
2391 950 2484 1002 180

365 1033 651 1108 Talibus
684 1036 837 1110 inde
870 1035 1087 1109 modis
1123 1065 1237 1110 ora
1266 1037 1677 1133 indignantia
1712 1039 1914 1115 solvit
1941 1071 1957 1113 ε

373 1186 410 1217 α
453 1154 610 1224 Non
642 1181 768 1247 ego
803 1181 927 1252 pro
962 1152 1194 1226 mundi
1227 1182 1433 1248 regno
1466 1156 1677 1251 magis
1709 1156 1945 1229 anxius
1977 1154 2092 1229 illa

372 1359 535 1417 parat.
572 1348 777 1402 Eadem
815 1349 1133 1418 comparatio
1173 1359 1228 1404 et
1264 1351 1380 1412 111,

373 1427 531 1480 Trist.
556 1445 577 1479 1
594 1467 612 1494 ,
639 1428 822 1481 35-38.
853 1428 974 1481 Jam
996 1425 1131 1499 apud
1160 1431 1381 1484 Homer.

375 1504 482 1559 od.
509 1514 569 1573 δ’,
609 1510 699 1576 74,
724 1507 1069 1562 Telemachus
1093 1529 1213 1564 cum
1237 1510 1384 1563 Jovis

374 1581 644 1655 Olympici
693 1585 809 1638 aula
843 1587 1112 1656 componit
1150 1587 1385 1641 Menelai

376 1679 596 1729 regnam.

452 1756 472 1788 ι
483 1738 561 1805 76.
577 1740 947 1793 Handtiaeam.
964 1740 1233 1809 Quatuor‚
1248 1742 1391 1793 baud

374 1816 610 1868 dubitem.

444 1911 465 1944 1
476 1914 551 1963 77.
566 1897 805 1950 accessu.
815 1896 1029 1951 Junian.
1042 1902 1246 1954 theatro.
1259 1899 1381 1952 Mo-

378 1982 503 2025 nent
529 1973 718 2027 Heius.
740 1985 795 2028 et
824 1975 1006 2028 Burm.
1042 1987 1095 2030 et
1117 1977 1235 2030 alibi
1264 1976 1381 2031 talia

378 2049 485 2104 loca
503 2056 714 2106 theam}
734 2057 1020 2126 comparari
1033 2096 1050 2122 ‚
1075 2058 1193 2125 quia
1213 2056 1381 2110 Graeci

382 2130 437 2181 in
457 2131 670 2186 theatris
690 2145 978 2189 conventus
1002 2137 1294 2190 habuerint.
1316 2164 1385 2177 —

387 2211 535 2276 Ergo.
547 2212 678 2265 Post
691 2211 1057 2278 digressionem
1068 2226 1273 2268 revocat
1288 2215 1383 2269 lec·

390 2297 560 2341 torem
582 2290 646 2342 ad
667 2294 977 2347 sententiam
1000 2294 1270 2366 abruptam
1291 2335 1306 2361 ‚
1330 2294 1381 2349 h.

382 2363 418 2418 l.
432 2365 496 2418 ad
513 2386 639 2420 vers.
660 2388 677 2420 1
686 2369 1078 2424 66.—Beccs.rus
1094 2383 1145 2424 et
1160 2390 1386 2425 secessus

382 2443 633 2498 dicuntur
656 2446 838 2500 intima
861 2448 1055 2502 aedium
1088 2449 1347 2503 conclavia
1367 2489 1382 2517 ,

376 2520 435 2574 in
453 2523 640 2591 quibus
658 2526 867 2595 negotia
885 2545 1069 2580 amana
1084 2526 1287 2581 tractari
1303 2546 1387 2580 so-

376 2598 569 2654 lebant.
580 2597 732 2655 'vide
753 2603 1014 2657 Schwarz.
1033 2603 1095 2657 ad
1124 2605 1256 2659 Plin.
1280 2606 1383 2659 Pa-

377 2696 494 2747 neg.
516 2679 581 2732 83
601 2719 617 2745 ,
648 2700 691 2732 ι.
718 2680 806 2734 Sic
820 2691 874 2733 et
894 2681 1001 2734 Vll
1018 2720 1034 2747 ‚
1059 2683 1190 2750 6703
1218 2681 1384 2749 xlv,

378 2763 469 2815 261
484 2797 500 2823 ,
519 2758 610 2811 ubi
634 2758 788 2813 Circe
808 2764 1017 2828 pulchro
1038 2764 1179 2813 sedet
1191 2780 1388 2814 recessu

377 2841 616 2892 &abhis
642 2840 789 2891 solio.
826 2864 894 2878 -
919 2841 1111 2891 Celsior
1130 2844 1240 2904 ipse
1261 2842 1387 2891 Ioco.

380 2919 673 2973 sublimior
692 2917 893 2971 ceteris
906 2956 921 2984 ,
955 2927 1012 2970 ut
1037 2937 1183 2988 reges
1204 2915 1385 2971 sedere

382 3000 577 3065 solent,
599 3018 708 3068 quo
723 2998 917 3051 facilius
936 2997 1278 3067 conspiciatur
1296 3016 1392 3049 au-

386 3077 661 3147 diaturque
686 3077 751 3130 ab
774 3075 1032 3129 omnibus.
1067 3105 1133 3115 —
1154 3078 1394 3145 Sceptro-

387 3159 691 3223 quimus
701 3157 899 3207 eburno.
921 3154 1134 3223 Sceptra
1154 3164 1392 3207 veterum

388 3253 573 3303 regum
586 3245 740 3288 erant
754 3232 953 3287 hastilia
970 3272 984 3298 ,
1003 3234 1170 3286 aureis
1185 3233 1392 3287 aereisve

384 3312 543 3365 bullis
564 3322 748 3365 ornata
774 3351 788 3377 ,
830 3329 858 3363 e
895 3310 1037 3381 ligno
1071 3321 1158 3364 aut
1198 3312 1354 3365 ebore
1374 3332 1391 3375 ς

385 3415 608 3466 σκηπμν
621 3410 649 3444 a
667 3402 870 3452 σκῆπτω.
897 3392 1111 3448 Ianitor,
1132 3390 1392 3443 incumbo.

381 3470 575 3522 Eae—
593 3469 767 3539 Reges
789 3466 914 3519 olim
938 3467 1017 3519 vel
1033 3466 1211 3520 dextra
1233 3479 1393 3520 tene-

378 3546 516 3600 bant
545 3552 794 3613 sceptrum
825 3555 1057 3598 erectum
1083 3584 1100 3612 ,
1140 3544 1221 3598 vel
1245 3545 1292 3598 ei
1311 3550 1396 3598 tn·-

384 3630 687 3679 nitebantur.

464 3723 570 3776 ¹79·
598 3706 959 3773 Terrficaem.....
980 3708 1144 3758 movit.
1173 3703 1398 3773 Expres-

392 3799 516 3835 smn
535 3792 610 3835 est
623 3803 684 3835 ex
702 3783 1023 3837 nobilissimo
1039 3784 1154 3837 loco
1174 3784 1395 3837 Homer.

388 3862 460 3917 Il.
476 3887 534 3927 σε,
554 3866 647 3935 529
664 3883 776 3933 sqq.
792 3853 1053 3940 Α’μθρὲσιαι
1073 3863 1117 3916 δ’
1133 3867 1220 3938 ἄρα
1234 3876 1396 3932 χαῖται

388 3947 699 4020 faheds-veo
735 3949 919 4004 ἄνακτος
950 3947 1105 4019 κρατός
1131 3943 1206 3997 siae'
1227 3944 1397 3999 ἆθανῶ-

388 4035 502 4074 τηε·
545 4024 691 4087 μέγαν
736 4019 783 4074 δ’
821 4024 1007 4088 hiller-v
1050 4015 1273 4088 ὄλυμπον.
1318 4021 1396 4074 lbi

393 4095 697 4170 Olympum
719 4106 925 4152 tantum
945 4108 1154 4165 movet,
1188 4098 1305 4166 quia
1324 4097 1398 4152 nil

1479 1350 1580 1405 nisi
1604 1351 1790 1406 annuit
1812 1353 1978 1422 capite
2000 1372 2014 1406 ι
2042 1351 2134 1409 sed
2155 1350 2244 1418 ‚hic
2269 1353 2492 1422 graviter

1478 1433 1750 1497 indignans
1793 1430 1862 1483 ita
1908 1441 2061 1500 caput
2115 1431 2379 1496 concutit,
2435 1442 2492 1484 ut

1478 1514 1611 1559 term
1629 1547 1644 1574 ‚
1674 1528 1831 1570 mare,
1860 1512 2029 1562 sidera
2045 1519 2273 1563 minant
2291 1525 2303 1559 ε
2321 1530 2491 1581 quan-

1480 1603 1639 1655 quam
1674 1586 1809 1656 apud
1845 1587 2033 1642 Catull.
2057 1588 2123 1642 63
2140 1629 2155 1655 ,
2182 1590 2303 1653 203,
2329 1602 2488 1644 nutus

1478 1661 1720 1715 eamdem
1733 1662 1836 1716 vim
1850 1661 2005 1719 habet
2017 1684 2029 1719 z
2043 1665 2215 1718 Tellus
2225 1673 2373 1735 atque
2383 1669 2491 1719 bor-

1475 1745 1589 1794 rida
1605 1750 1994 1797 contremuerunt
2012 1747 2254 1813 Equam,
2283 1766 2490 1800 concus-

1475 1824 1636 1888 sitque
1654 1826 1896 1874 mt‘canlt‘a
1915 1826 2082 1877 sidera
2101 1828 2325 1878 mundus.
2356 1825 2410 1878 H
2414 1844 2488 1878 πο

1474 1897 1585 1950 loca
1601 1898 1926 1953 sublimitatis
1947 1901 2154 1955 laudem
2180 1914 2455 1957 merentur
2467 1942 2483 1970 ,

1472 1976 1770 2047 feriuntque
1783 1979 2035 2041 animum,
2051 1980 2167 2034 licet
2178 1982 2487 2035 Nostervim

1475 2055 1615 2106 illam
1629 2094 1644 2121 ,
1667 2055 1870 2122 adjecto
1891 2064 2054 2123 terque
2074 2064 2351 2126 quaterque,
2380 2058 2484 2110 sre-

1478 2133 1626 2202 gerit.
1653 2132 1989 2200 Magnificam
2014 2142 2189 2185 autem
2207 2133 2349 2185 illam
2371 2154 2492 2187 sen-

1478 2210 1698 2262 tentiam
1714 2208 1975 2263 transtulit
1994 2220 2044 2261 et
2060 2209 2122 2261 ad
2143 2209 2265 2261 alios
2279 2249 2294 2276 ,
2313 2209 2450 2264 VIII
2471 2250 2489 2278 ,

1482 2289 1608 2356 780,
1636 2286 1700 2339 ad
1738 2284 1990 2338 Cererem
2015 2309 2027 2349 ς
2057 2286 2113 2340 11
2140 2307 2200 2339 ex
2225 2287 2379 2340 Pont.
2409 2304 2452 2354 ,ΙΙ
2471 2329 2487 2355 ,

1478 2363 1563 2429 65,
1582 2363 1646 2416 ad
1665 2363 1960 2433 Augustum
1977 2361 2127 2428 adeo,
2146 2382 2309 2432 quum
2328 2368 2492 2417 vultus

1478 2445 1730 2494 remelselv‘t
1738 2444 1881 2501 illos,
1918 2443 2198 2506 (Μίκωνα
2220 2447 2377 2492 terras
2394 2444 2492 2491 im-

1472 2528 1758 2591 periumque
1783 2527 1988 2574 movent.
2026 2521 2131 2574 Hic
2166 2528 2360 2573 movent
2381 2531 2457 2574 est
2475 2562 2492 2589 ,

1482 2611 1706 2672 regunt3
1729 2601 1818 2654 s'ed
1837 2610 2017 2654 nostro
2041 2600 2156 2653 loco
2178 2605 2331 2652 movit
2345 2639 2360 2666 ‚
2388 2610 2495 2653 tre-

1482 2684 1723 2748 mefecit,
1751 2692 1808 2735 ut
1835 2677 2021 2734 Horat.
2049 2680 2167 2746 111,
2208 2678 2313 2732 Od.
2340 2695 2360 2731 1
2380 2719 2395 2746 ‚
2430 2683 2491 2749 8,

1483 2760 1694 2831 Jupiter
1740 2766 1922 2812 cuncta
1965 2761 2231 2827 supercilio
2285 2778 2493 2812 movens.

1488 2842 1758 2895 Concusstb
1772 2839 1981 2908 signum
2005 2838 2375 2907 indignationis
2394 2880 2410 2906 ,
2434 2850 2494 2894 ut

1485 2917 1574 2985 11,
1612 2921 1744 2993 849,
1784 2919 1894 2972 cuni
1924 2938 2055 2987 qua.
2099 2936 2200 2986 qua
2235 2937 2492 2975 concussa.

1487 2997 1626 3049 Nota
1659 3007 1838 3048 autem
1873 3013 2085 3065 gravem
2120 3014 2308 3050 sonum
2336 3036 2351 3063 ‚
2393 3016 2494 3067 qua

1487 3074 1635 3127 omni
1679 3073 1733 3126 h.
1779 3073 1811 3126 l.
1846 3072 2002 3126 verba
2041 3072 2290 3128 incedunt
2311 3113 2330 3142 ,
2386 3095 2492 3145 quo

1488 3153 1648 3205 etiam
1665 3149 1954 3223 asyndeton
1975 3150 2032 3204 in
2055 3159 2230 3205 terram
2254 3163 2351 3206 etc.
2366 3151 2497 3207 mul-

1489 3241 1606 3284 tum
1631 3231 1851 3284 confert.

1561 3311 1667 3362 182.
1695 3309 1808 3360 Non
1829 3326 2021 3375 egopm
2042 3311 2324 3378 munde’etc.
2355 3305 2495 3378 Quae

1488 3389 1725 3458 sequitur
1757 3388 1920 3441 oratio
1938 3428 1953 3454 ,
1990 3399 2043 3442 et
2063 3389 2193 3442 iram
2216 3390 2408 3459 spirat,
2441 3399 2496 3442 et

1489 3466 1724 3538 gravitati
1758 3466 1903 3520 Jovis
1933 3467 2190 3521 convenit.
2231 3467 2499 3536 Maiestati

1488 3547 1637 3601 Jovis
1674 3547 1992 3601 conveniunt
2028 3546 2139 3614 illa,
2178 3566 2293 3615 quae
2316 3547 2380 3599 de
2407 3567 2496 3600 re·

1490 3645 1597 3697 gno
1622 3624 1805 3678 mundi
1825 3666 1839 3692 ,
1880 3625 1945 3678 de
1971 3622 2246 3695 puniendis
2274 3625 2494 3679 sceleri-

1489 3706 1588 3760 bus
1604 3746 1618 3770 ,
1645 3704 1709 3758 de
1732 3705 1879 3757 novis
1897 3704 2078 3758 incolis
2101 3713 2251 3758 terrae
2274 3703 2459 3770 dandis
2476 3744 2494 3772 ,

1491 3784 1557 3837 de
1585 3782 1806 3854 imperio
1827 3801 1922 3836 suo
1960 3784 2015 3836 in
2044 3782 2186 3836 Deos
2206 3824 2220 3852 ,
2247 3782 2495 3855 loquitur.

1490 3861 1862 3933 Indignitatem
1873 3862 1948 3915 rei
1958 3861 2232 3916 commode
2250 3882 2343 3933 per
2352 3879 2497 3914 com·

1491 3942 1814 4010 parationem
1845 3961 1967 3995 cum
1988 3939 2278 4013 Gigantum
2303 3947 2497 4002 conatu

1491 4019 1676 4091 (quem
1710 4021 1870 4075 lector
1906 4019 2066 4073 modo
2096 4015 2364 4089 cognovit)
2402 4034 2498 4068 os·-

1493 4099 1693 4168 tendit;
1733 4110 1846 4153 erat
1869 4099 2014 4153 enim
2050 4108 2105 4152 et
2127 4096 2226 4150 hoc
2245 4135 2261 4163 ,
2298 4093 2498 4149 crimen
