2975 4784
627 379 1683 452 METAMORPHOSEON
1740 386 1939 455 LIB.
1998 388 2107 456 11.

2320 412 2455 481 219

322 518 752 621 Impedienda
782 521 977 594 novis
1006 550 1021 593 :
1049 550 1206 595 ausa
1240 538 1343 594 est
1377 551 1646 623 quoque
1676 526 1857 618 regia
1888 526 2104 621 virgo,

322 634 562 708 Nescia
595 663 791 735 quem
822 654 1148 735 premeret
1165 692 1186 723 ‚
1222 654 1410 732 tergo
1448 637 1791 712 considere
1823 640 2014 714 tauri.

320 752 500 825 Tum
534 750 719 825 Deus
753 780 791 824 a
823 768 1029 839 terra,
1068 751 1379 854 siccoque
1414 781 1453 828 a
1481 751 1713 842 litore,
1748 755 1993 828 sensim

2351 779 2451 848 870

319 866 515 942 Falsa
549 866 795 969 pedum
829 867 1064 969 primis
1097 869 1375 962 vestigia
1405 869 1600 969 ponit
1630 868 1704 941 in
1738 868 1982 956 undis;

320 981 487 1057 Inde
522 981 664 1055 abit
696 980 977 1057 ulterius
995 1038 1015 1072 ‚
1047 982 1379 1084 mediique
1416 1011 1539 1085 per
1565 1011 1833 1084 aequora
1859 982 2055 1084 ponti

321 1101 483 1174 Fert
508 1095 800 1200 praedam
832 1126 849 1171 ε
886 1115 1083 1199 pavet
1109 1097 1285 1186 haec;
1323 1096 1613 1199 litusque
1649 1097 1869 1173 ablata
1898 1096 2202 1172 relictum

319 1214 663 1313 Respicit3
692 1230 761 1287 et
795 1211 1018 1288 dextra
1056 1242 1333 1288 comum
1367 1232 1585 1303 tenet,
1621 1213 1825 1289 altera
1858 1214 2058 1289 dorso

316 1331 647 1433 Imposita
676 1347 779 1404 est
806 1358 823 1402 z
853 1328 1145 1405 tremulae
1176 1331 1530 1406 sinuantur
1557 1331 1818 1407 flamine
1850 1350 2086 1407 vestes,

317 1567 675 1627 preterquam
705 1554 844 1625 qnod
873 1555 1164 1610 accuratior
1185 1557 1336 1611 nobis

314 1638 427 1690 visa
440 1645 522 1688 est
534 1634 719 1702 ‚habet
728 1633 903 1688 nescio
919 1633 1045 1703 quid
1066 1634 1265 1689 dulcius
1283 1645 1338 1688 et

319 1732 481 1768 aman
487 1713 526 1766 ti
537 1712 946 1766 convenientius.
959 1713 1136 1765 Ed.—
1149 1715 1331 1776 Novis,

314 1815 345 1848 e
367 1792 1069 1848 novisflodbm—Poemre
1081 1803 1135 1847 et
1157 1800 1335 1850 θλίθειν

316 1893 443 1944 pro,
471 1872 718 1927 insidere.

379 1956 497 2023 871.
527 1953 707 2005 Falsa.
738 1949 971 2004 Fallacia.
995 1950 1196 2005 Fallere
1220 1951 1333 2005 vult

314 2029 590 2098 virginem.
606 2031 881 2083 —anzn
896 2028 1073 2083 Nostri
1090 2026 1329 2092 Codices,

305 2114 489 2176 primo.
503 2138 570 2149 —
584 2111 974 2179 &compotum
1002 2118 1059 2163 nt
1073 2108 1191 2163 alibi
1187 2109 1335 2178 stela
1374 2153 1377 2158 .

302 2194 487 2256 ponti,
512 2191 711 2259 poetica
732 2189 1044 2260 periphrasis
1057 2189 1223 2260 ponti.
1242 2188 1334 2243 In-

312 2265 568 2336 telligitur
591 2279 769 2322 autem
796 2267 898 2323 hoc
920 2268 1034 2322 loco
1057 2286 1203 2321 mare
1226 2285 1333 2320 me·

312 2342 677 2399 diter-rancum
694 2385 711 2413 ,
754 2365 849 2416 per
885 2344 1024 2415 quod
1061 2344 1332 2415 Europam

313 2423 582 2479 transtulit
600 2424 658 2479 in
676 2424 908 2495 insulam
935 2423 1171 2480 Cretam.

2350 1349 2450 1421 875

1498 1559 1613 1630 874.
1639 1560 1866 1614 Comum.
1880 1558 2062 1613 Nostri
2074 1556 2247 1627 Regii,
2260 1576 2414 1611 cornu
2426 1575 2450 1623 ‚⁶

1431 1655 1634 1690 comm
1671 1636 1881 1691 videtur
1917 1634 2219 1690 emendatio
2250 1653 2449 1687 recen-

1431 1714 1552 1768 tior.
1584 1717 1684 1770 Ed.
1726 1744 1793 1757 —
1826 1719 2040 1771 Comum
2071 1734 2166 1785 per
2201 1713 2451 1768 Archais—

1431 1811 1584 1846 mum
1600 1812 1613 1846 ε
1629 1792 1734 1847 vid.
1753 1793 2000 1848 Priscian.
2014 1794 2101 1847 lib.
2115 1794 2198 1847 v1
2214 1832 2229 1860 ,
2260 1813 2310 1862 p.
2331 1793 2451 1846 685.

1428 1900 1496 1914 —
1507 1874 1750 1941 Imposita
1765 1881 1847 1928 es!
1857 1915 1873 1938 ,
1899 1873 2158 1928 innititur.
2176 1902 2245 1913 —
2256 1873 2448 1928 Verbis

1426 1954 1646 2003 tremule
1661 1962 1715 2003 et
1729 1955 1996 2004 sehuautur
2007 1949 2211 2020 egregie
2223 1948 2448 2018 pingun-

1428 2037 1519 2081 tur
1541 2028 1669 2080 varii
1692 2039 1867 2082 motus
1889 2037 1942 2082 et
1964 2028 2108 2083 sinus
2124 2065 2140 2093 ,
2167 2043 2297 2095 quos
2317 2024 2446 2077 effi-

1430 2108 1599 2161 ciebat
1624 2117 1843 2171 ventus3
1877 2108 1944 2162 cs.
1973 2125 2151 2161 versus
2175 2106 2289 2158 528.
2313 2104 2446 2160 Hac

1429 2197 1695 2258 postrema
1723 2186 1877 2241 latius
1913 2187 2151 2241 tractavit
2166 2225 2183 2253 ‚
2215 2186 2269 2236 V
2307 2183 2446 2236 Fast.

1429 2268 1527 2338 667
1565 2286 1676 2337 sqq.
1700 2284 1715 2319 :
1747 2267 2043 2335 Illajubam
2077 2267 2282 2327 dextra,
2316 2267 2444 2316 Iena

1428 2347 1676 2399 retinebat
1684 2349 1916 2398 autb-lus.
1934 2344 2080 2398 Aura
2091 2348 2233 2396 sinus
2247 2345 2440 2410 implet,

1413 2427 1587 2493 flavos
1607 2429 1770 2478 novet
1785 2442 1914 2478 anta
1932 2425 2148 2493 capillos
2168 2430 2266 2475 etc.
