2975 4784
632 365 1680 440 METAMORPHOSEON
1733 373 1927 442 LIB.
1977 373 2083 442 11.

2317 379 2435 471 173

295 547 338 578 n
376 513 661 612 Jamque
692 509 857 584 vale.
896 543 932 575 »ι
971 511 1220 584 Cortex
1252 511 1323 584 in
1360 511 1562 586 verba
1596 512 1955 587 novissima
1986 511 2183 588 venit.

289 626 461 701 Inde
492 626 715 701 fluunt
743 625 1065 715 lacrimae3
1103 626 1480 729 stillataque
1517 627 1660 702 sole
1688 627 2023 725 rigescunt

291 746 402 817 De
436 741 635 817 ramis
664 741 905 818 electra
935 742 1168 831 novis;
1208 772 1353 844 quae
1386 742 1651 818 lucidus
1685 743 1896 817 amnis

2334 766 2435 820 365

294 858 602 959 Excipit,
637 876 704 932 et
735 858 1021 931 nuribus
1055 857 1264 931 mittit
1296 857 1613 953 gestanda
1646 856 1921 931 Latinis.

396 974 486 1045 Π.
529 971 771 1046 Adfuit
801 970 959 1045 huic
991 989 1291 1045 monstro
1327 971 1553 1073 proles
1584 970 1957 1046 Stheneleia
1994 972 2294 1072 Cycnus;

294 1167 454 1215 unit.
489 1161 554 1216 Id
592 1172 672 1216 est
697 1201 713 1228 ,
753 1172 934 1215 cortex
964 1179 1022 1216 os
1057 1160 1323 1217 obducens

298 1245 457 1295 verba
492 1240 785 1294 Heliadum
824 1240 1005 1295 ultima
1040 1242 1322 1311 occupavit.

299 1323 499 1377 Noster
528 1321 583 1373 X
598 1361 613 1384 ,
642 1322 736 1394 497
764 1340 778 1374 ε
824 1323 1147 1389 Vem'ente‘que
1176 1324 1326 1375 obvia

296 1401 441 1467 ligno
453 1401 684 1452 subsedit
693 1439 708 1460 ,
738 1404 1001 1467 mersitque
1013 1418 1135 1452 suos
1150 1404 1205 1452 in
1219 1418 1324 1453 corb

299 1484 403 1532 Isi-e
416 1479 624 1542 witus,-
645 1486 703 1530 et
717 1476 798 1530 xl
817 1515 833 1543 ,
861 1476 958 1529 256
977 1476 1327 1546 :Admisitque

299 1574 423 1609 snos
444 1560 500 1607 e‘n
524 1557 676 1607 verba
698 1557 1184 1623 noetlrse‘mastuctus.
1224 1555 1323 1610 Ed.

303 1663 369 1675 —
409 1637 599 1690 Cortex
632 1639 781 1687 venit.
812 1634 877 1687 ln
911 1634 1088 1704 quales
1114 1636 1327 1689 arbores

304 1723 531 1767 mutata
547 1712 652 1766 sint
669 1751 685 1779 ,
708 1722 861 1781 poeta
883 1730 994 1766 non
1019 1711 1163 1766 addit
1184 1733 1199 1777 ;
1232 1712 1326 1767 sed

306 1791 335 1846 Ῑ
357 1810 424 1845 ex
446 1790 610 1844 Pont.
625 1806 671 1842 11
685 1828 701 1852 ‚
730 1790 1035 1857 33,populos
1049 1789 1327 1862 (αἰγείρους)

307 1868 570 1922 nominat.
588 1866 768 1936 Atque
784 1867 853 1920 ita
866 1878 920 1922 et
934 1867 1152 1922 Hesiod.
1170 1890 1184 1934 ;
1204 1869 1329 1941 Hy-

310 1946 636 2018 3524thst
650 1945 865 1999 AEneid.
885 1947 955 2014 X,
979 1947 1325 2019 1903Lucian.

309 2024 517 2093 aliique.
546 2023 621 2078 At
643 2022 829 2093 Virgil.
847 2023 956 2077 Ed.
974 2023 1055 2076 vl
1072 2062 1088 2090 ,
1114 2023 1207 2091 62,
1234 2028 1328 2077 al-

309 2121 405 2155 nos
425 2112 842 2168 commemorat,
876 2101 1329 2171 quemadmodum

310 2180 399 2234 alii
414 2184 579 2232 ulmos
600 2191 687 2233 aut
694 2186 866 2248 pibus.
884 2180 1022 2234 Plin.
1042 2181 1180 2234 Hist.
1205 2182 1325 2236 Nat.

310 2257 589 2314 XXXVII
605 2300 620 2328 ,
645 2276 689 2312 u
705 2299 721 2326 ,
753 2263 800 2315 3.
824 2259 1147 2314 Communis
1168 2280 1329 2331 porro

310 2336 498 2407 opinio
506 2348 620 2391 erat
635 2337 757 2403 (vid.
771 2349 827 2393 et
837 2338 1023 2408 Eurip.
1040 2338 1201 2408 Hipp.
1215 2342 1328 2406 7403

311 2415 563 2484 Apollon.
582 2414 685 2469 Rh.
704 2415 807 2483 IV,
834 2416 955 2487 596)
968 2456 984 2484 ,
1010 2435 1074 2469 ex
1095 2420 1331 2487 lacrymis·

312 2492 392 2563 (ἔκ
428 2504 523 2548 τῶν
556 2491 797 2570 δακρύων)
833 2494 1044 2547 illarum
1080 2495 1330 2549 arborum

312 2575 493 2625 electra
520 2571 665 2626 nuci
686 2587 701 2621 :
726 2571 870 2642 quod
893 2591 1008 2628 non
1030 2573 1227 2626 mirum
1250 2574 1332 2627 vi-

315 2647 421 2702 deri
432 2648 598 2704 debet
614 2689 631 2716 ‚
656 2669 826 2719 quum
839 2650 1089 2704 arborum
1100 2652 1333 2706 resinam

316 2725 479 2781 Graeci
504 2728 579 2781 ita
608 2725 837 2782 dixerint
864 2730 949 2795 (cs.
974 2740 1027 2783 et
1049 2730 1101 2783 X
1120 2770 1137 2798 ,
1169 2729 1296 2801 501)
1313 2770 1329 2798 ,

315 2816 465 2875 atque
502 2805 669 2859 etiam
699 2804 859 2859 hodie
891 2826 1072 2860 rerum
1102 2818 1331 2861 natura-

312 2881 439 2936 lium
463 2882 800 2954 indagatores
822 2902 887 2936 eo
908 2885 1018 2939 sere
1038 2885 1297 2940 inclinent
1313 2926 1329 2950 ‚

315 2974 374 3017 ut
407 2965 600 3018 resinae
622 2965 817 3019 electra
844 2966 1106 3036 originem
1136 2965 1331 3020 debere

313 3052 523 3110 putent.
566 3042 627 3096 Si
661 3041 742 3097 his
783 3042 1043 3097 addideris
1062 3082 1079 3110 ,
1118 3062 1233 3113 quae
1265 3042 1331 3095 ad

311 3138 450 3173 vers.
474 3121 574 3187 324
593 3122 891 3176 notavimus
907 3161 923 3189 ‚
943 3122 1066 3177 satis
1087 3122 1334 3192 probabi-

311 3196 440 3251 liter
486 3198 581 3252 tibi
621 3200 848 3254 fabulam
892 3199 1333 3269 interpretaberis.

313 3275 609 3346 Sophocles
627 3278 681 3332 in
701 3290 831 3349 trag.
848 3276 1122 3349 deperdita
1141 3296 1202 3330 ex
1225 3277 1334 3330 aliis

310 3354 562 3428 lacrymis
574 3357 764 3412 electra
773 3357 913 3412 nasci
928 3356 1170 3422 finxerat,
1182 3373 1335 3409 nem-

311 3454 378 3504 pe
412 3454 547 3504 quas
587 3435 845 3507 Meleagri
882 3454 1087 3488 sorores
1125 3434 1181 3488 in
1215 3452 1333 3487 aves

312 3523 537 3566 mutata
572 3514 628 3566 in
658 3513 811 3566 India
848 3512 1041 3566 flerent
1075 3532 1089 3565 :
1124 3510 1263 3582 quod
1303 3530 1334 3564 a

309 3591 452 3645 Ptin.
466 3590 610 3645 dicto
623 3591 755 3659 loco,
768 3590 1199 3661 reprehenditur:
1216 3589 1337 3643 vide

307 3673 541 3724 omniuo
581 3670 806 3726 Gesneri
846 3670 982 3725 Diss.
1025 3671 1079 3723 in
1118 3669 1333 3724 Comm.

306 3749 510 3804 Societ-
535 3748 774 3820 Gotting.
801 3760 835 3804 t.
862 3749 978 3815 111,
1003 3769 1053 3820 p.
1080 3769 1154 3818 72·

374 3830 496 3894 364.
522 3830 758 3891 Stillala,
785 3828 998 3898 passive.
1025 3854 1094 3869 —
1112 3828 1338 3880 lucidus

307 3912 461 3967 λωκδς
477 3945 493 3972 ,
529 3907 715 3962 clarus.
758 3934 826 3948 —
863 3908 1084 3959 Nutibus
1118 3906 1337 3958 Latemir.

310 3989 459 4042 Italis
517 3987 841 4042 mulieribus.
897 3989 1069 4039 Natus
1117 3984 1340 4037 omnino

310 4067 508 4122 mulier
530 4066 718 4136 poetis.
744 4065 869 4119 vid.
904 4066 1021 4132 Ill,
1056 4068 1166 4118 528.
1201 4062 1337 4117 Plin.

313 4145 361 4198 d.
386 4146 423 4199 Ι.
448 4155 639 4199 narrat
657 4184 673 4212 ,
698 4164 793 4199 suo
813 4155 1050 4216 tempore
1077 4142 1341 4210 Transpa-

1421 1160 1686 1214 danorum
1728 1172 1955 1231 agrestes
1989 1162 2213 1215 seminas
2255 1164 2442 1217 moni-

1421 1239 1553 1293 lium
1579 1240 1688 1294 vice
1711 1240 1923 1295 succina
1950 1253 2150 1312 gestare
2171 1281 2187 1308 ,
2221 1244 2446 1298 maxime

1426 1318 1628 1373 decoris
1652 1321 1814 1390 gratia
1831 1361 1847 1388 ,
1873 1320 1962 1374 sed
1984 1332 2037 1374 et
2054 1322 2346 1377 medicinae.

1486 1397 1603 1450 366.
1629 1399 1808 1450 Herm.
1835 1400 1943 1453 Pro
1959 1404 2142 1463 mam,
2175 1420 2313 1454 unus
2340 1400 2446 1454 Co·-

1422 1474 1538 1538 dex,
1555 1482 1727 1538 nutrit,
1748 1476 1890 1546 quod
1907 1478 2250 1531 Burmannus
2265 1498 2447 1532 exem-

1423 1552 1520 1621 plis
1557 1552 1809 1619 illustrat;
1861 1554 1950 1608 sed
1994 1556 2226 1608 alienum
2264 1569 2343 1610 est
2380 1558 2445 1610 ab

1420 1628 1525 1683 hoc
1555 1630 1685 1684 loco.
1712 1660 1781 1672 —
1811 1635 2028 1686 mrtem!
2055 1653 2255 1688 merces
2292 1646 2447 1689 terrae

1421 1726 1498 1761 eae
1514 1748 1530 1776 ,
1562 1709 1651 1762 ubi
1674 1709 1932 1763 maximus
1955 1731 2138 1764 earum
2157 1724 2445 1782 proventus

1423 1796 1479 1839 et
1505 1798 1778 1841 mercatus.
1794 1815 1863 1827 —
1874 1788 1962 1841 Sic
1976 1799 2030 1842 et
2047 1788 2229 1856 Virgil.
2246 1789 2443 1861 Geor-g.

1424 1865 1452 1918 I
1467 1904 1483 1933 ,
1515 1871 1573 1934 57
1605 1868 1790 1919 :India
1811 1872 1968 1919 mm!
1986 1871 2117 1921 ebur.
2145 1867 2245 1921 Ed.

1494 1943 1744 2014 367-400.
1769 1946 1964 2014 Adfui!
1972 1949 2091 1999 huic·
2105 1953 2325 1999 monstro
2344 1958 2446 2001 etc.

1429 2021 1645 2096 Cycnus
1667 2064 1682 2091 ,
1717 2045 1810 2078 rex
1835 2024 2060 2095 Liguriae
2077 2065 2093 2092 ,
2129 2024 2260 2077 dum
2284 2023 2450 2080 deflet

1425 2100 1820 2155 Phaethontem
1851 2141 1867 2168 ,
1908 2103 2162 2171 sanguine
2203 2111 2450 2155 materno

1425 2179 1524 2233 sibi
1547 2179 1794 2247 junctum
1809 2219 1825 2246 ‚
1850 2190 2087 2233 mutatur
2108 2179 2166 2232 in
2194 2198 2345 2234 avem
2368 2181 2450 2234 sui

1424 2260 1673 2314 nominis.
1694 2259 1897 2314 Confer
1913 2262 2056 2333 Hyg.
2070 2261 2302 2315 fabulam
2326 2266 2449 2330 1543

1426 2349 1479 2392 et
1504 2338 1694 2408 Vir-gil.
1714 2338 1930 2392 AEneid.
1966 2339 2018 2392 X
2036 2378 2052 2406 ‚
2100 2340 2192 2413 189
2213 2379 2229 2407 ,
2271 2341 2448 2410 ibique

1428 2415 1723 2487 Heynium.
1747 2415 1984 2468 Lactant.
2021 2416 2241 2485 Argum.
2264 2416 2452 2470 fabulae

1427 2506 1699 2549 auctorem
1718 2496 1840 2549 facit
1859 2495 2183 2549 Phanoclem
2204 2496 2258 2548 in
2280 2494 2450 2565 Cupi-

1427 2572 1654 2626 dinibus.
1695 2574 1903 2642 Nempe
1931 2572 2017 2626 ille
2054 2571 2227 2642 elegos
2255 2560 2452 2644 ἐρώτων

1426 2651 1650 2705 nomine
1663 2650 1936 2721 scripserat
1951 2689 1966 2715 ,
1982 2649 2046 2705 de
2059 2651 2248 2720 quibus
2264 2650 2453 2704 Heins-

1428 2739 1482 2782 et
1513 2730 1697 2782 Burm.
1723 2727 1789 2781 ad
1818 2728 1900 2794 X,
1926 2727 2006 2780 83.
2050 2725 2246 2780 Addita
2271 2736 2451 2780 autem

1426 2807 1540 2862 haec
1569 2818 1696 2861 sunt
1721 2806 1864 2860 haud
1889 2806 2046 2861 dubie
2067 2805 2323 2876 superiori
2347 2807 2455 2860 sab.

1427 2896 1708 2955 postquam
1738 2883 2001 2938 Eridanus
2038 2904 2135 2955 pro
2159 2882 2308 2938 Pado
2343 2883 2450 2937 ha·-

1424 2964 1542 3017 beri
1574 2963 1745 3034 coepit.
1773 2964 2054 3017 Pausanias
2086 2961 2244 3015 Attic.
2275 2980 2325 3031 p.
2353 2961 2449 3032 76,

1427 3041 1575 3095 facile
1598 3061 1653 3094 se
1674 3040 1890 3095 credere
1911 3040 2011 3107 ait,
2048 3038 2294 3111 Cycnum
2313 3077 2327 3104 ‚
2355 3038 2450 3091 Li-

1430 3137 1622 3187 gurum
1646 3137 1826 3186 regem
1844 3158 1859 3185 ,
1901 3117 2099 3170 musica
2121 3116 2412 3170 excelluisse
2432 3157 2449 3183 ,

1427 3196 1523 3252 sed
1547 3195 1798 3250 eumdem
1818 3206 1934 3266 post
1957 3205 2188 3248 mortem
2209 3197 2272 3249 ab
2291 3196 2451 3265 Apol·

1428 3276 1538 3329 line
1580 3277 1635 3329 in
1672 3295 1824 3329 avem
1878 3273 2123 3347 Cycnum
2164 3294 2272 3329 esse
2323 3294 2451 3328 mu·-

1430 3364 1603 3408 tatum
1621 3373 1676 3407 se
1696 3373 1809 3407 non
1834 3352 2068 3408 credere.
2091 3354 2162 3406 Et
2185 3363 2292 3406 tam
2315 3372 2451 3406 mu·-

1431 3432 1521 3486 sici
1538 3470 1554 3498 ,
1583 3449 1743 3501 quam
1758 3441 1927 3502 poetae
1944 3469 1959 3498 ,
1980 3450 2104 3484 cum
2121 3433 2297 3502 cycnis
2312 3449 2454 3483 com·

1431 3511 1602 3582 parari
1614 3510 1852 3565 solebant
1869 3530 1882 3563 :
1897 3511 2087 3564 Horat.
2107 3510 2209 3576 IV,
2231 3508 2340 3563 od.
2354 3525 2420 3561 111
2435 3548 2449 3575 ‚

1432 3594 1515 3643 25.
1533 3588 1683 3643 Alius
1701 3591 1899 3660 Cycnus
1914 3588 2025 3642 ΧΠ
2042 3628 2058 3655 ,
2079 3610 2138 3657 72
2156 3628 2170 3654 ,
2194 3606 2453 3640 memora-

1434 3680 1540 3723 tur.
1555 3696 1623 3711 -
1639 3671 1777 3722 Huic
1789 3675 2024 3722 monstro.
2041 3669 2184 3721 Huic
2202 3669 2455 3721 transfor-

1432 3747 1654 3801 mationi
1674 3769 1687 3812 3
1714 3766 1842 3800 narn
1868 3754 2141 3800 monstrum
2164 3748 2337 3800 omnis
2369 3765 2456 3799 res

1432 3840 1728 3883 monstrosa
1743 3839 1833 3882 aut
1847 3830 1998 3882 mira.
2016 3829 2231 3884 Adstitit
2248 3830 2302 3882 in
2327 3828 2456 3897 ripis

1434 3907 1654 3960 Eridani
1677 3906 1892 3980 Cycnus
1904 3948 1919 3976 ,
1947 3927 2110 3977 quum
2129 3907 2379 3962 Heliades
2395 3907 2454 3957 iu

1435 3985 1647 4039 arbores
1669 3997 2021 4039 mutarentur.
2045 4016 2113 4026 —
2137 3988 2447 4042 Stheneleia,

1437 4063 1708 4117 Sthenelei
1731 4064 1883 4117 filius.
1906 4065 2110 4133 Regem
2133 4062 2356 4131 Liguriae
2373 4075 2458 4110 co-

1436 4154 1657 4212 gnatum
1684 4143 1842 4195 fuisse
1868 4141 2066 4211 regiuae
2105 4139 2418 4205 AEthiopum
2438 4172 2456 4202 ,
