2975 4784
656 342 1934 426 METAMORPHOSEONLIB.
1986 347 2123 415 IV.

354 484 743 572 Fluctibus,
782 501 850 557 et
882 499 1087 557 tectas
1124 480 1420 555 defendit
1450 482 1535 554 ab
1571 481 1901 556 imbribus
1933 485 2142 560 u'ndas
2169 514 2187 559 ε

2347 348 2477 415 333

2381 509 2481 561 525

357 609 631 681 Summa
663 608 876 702 riget,
907 604 1327 706 frontemque
1361 605 1433 676 in
1467 622 1768 705 apertum
1798 599 2083 705 porrigit
2113 637 2356 710 aequor.

362 731 668 832 Occupat
695 729 875 803 hunc
894 784 914 816 ,
949 729 1120 802 vires
1151 728 1403 802 insania
1435 727 1708 815 fecerat,
1746 728 1872 799 Ino
1903 756 1920 815 ;

362 854 580 955 Seque
615 882 817 955 super
848 870 1170 953 pontum,
1204 850 1393 926 nullo
1426 852 1683 926 tardata
1719 852 1993 939 timore,

363 975 622 1063 Mittit,
663 1001 968 1076 onusque
1003 1002 1195 1048 suum
1225 1003 1240 1047 ε
1267 966 1578 1075 percussa
1611 972 1955 1049 recanduit
1984 974 2180 1047 unda.

364 1101 459 1171 At
493 1099 722 1171 Venus
754 1097 1094 1172 immeritae
1125 1097 1347 1197 neptis
1378 1097 1686 1170 miserata
1718 1093 1984 1169 labores
2003 1153 2024 1185 ,

2388 1118 2487 1172 530

367 1221 478 1294 Sic
510 1239 753 1321 patruo
781 1219 1084 1294 blandita
1115 1249 1237 1295 suo
1274 1239 1373 1294 est
1403 1251 1421 1296 z
1456 1255 1494 1287 α
1527 1222 1593 1295 Ο
1627 1248 1874 1294 numen
1905 1248 2262 1321 aquarum,

374 1377 409 1408 n
447 1343 757 1418 Proxima
792 1343 899 1416 cui
933 1340 1090 1416 caelo
1122 1342 1357 1430 cessit,
1384 1344 1726 1442 Neptune,
1762 1359 2099 1443 potestas;

370 1498 408 1531 »
449 1467 696 1562 Magna
732 1463 998 1565 quidem
1029 1492 1281 1565 posc03
1319 1463 1435 1538 sed
1471 1481 1547 1537 tu
1579 1464 1888 1538 miserere
1915 1491 2248 1552 meorum,

377 1623 415 1655 »
452 1590 698 1664 Jactari
732 1618 903 1690 quos
939 1590 1152 1663 cernis
1189 1589 1260 1661 in
1293 1588 1489 1661 Ionio
1524 1588 1889 1674 immenso;

382 1743 419 1774 »
457 1712 549 1782 Et
574 1710 700 1784 Dis
731 1710 897 1784 adde
929 1710 1064 1784 tuis
1094 1739 1110 1783 :
1140 1709 1362 1809 aliqua
1398 1726 1469 1783 et
1498 1709 1665 1782 mihi
1698 1709 1907 1805 gratia
1938 1725 2149 1810 ponto
2182 1725 2331 1799 est;
2397 1729 2497 1785 535

375 1923 497 1976 tulit
518 1961 534 1989 ,
563 1921 657 1976 sed
690 1923 848 1976 etiam
867 1961 882 1990 ,
932 1932 994 1975 ut
1024 1923 1289 1976 Matutam
1335 1933 1388 1976 et

376 2002 680 2055 Portunum
708 2000 1071 2054 Romanorum
1104 1999 1227 2054 inde
1264 1999 1384 2054 essi-

378 2091 519 2134 ceret
537 2120 553 2146 ,
593 2080 746 2150 longe
790 2080 952 2134 aliter.
991 2081 1091 2134 Ino
1121 2099 1243 2135 cum
1278 2081 1387 2134 filio

380 2167 526 2210 natat
545 2157 602 2209 in
627 2157 861 2225 ltaliam,
885 2158 957 2210 ibi
980 2157 1162 2211 incidit
1186 2158 1240 2211 in
1262 2158 1389 2211 Bac·

379 2233 528 2301 dms,
554 2253 585 2287 a
607 2254 833 2304 quarum
852 2236 1028 2288 surore
1048 2235 1291 2289 Herculis
1302 2235 1391 2287 in-

378 2323 623 2367 terventu
658 2314 945 2379 liberatur,
992 2325 1047 2367 et
1081 2311 1389 2388 eyaticinio

383 2389 687 2445 Carmente
701 2403 946 2445 naturam
957 2390 1128 2444 induit
1141 2389 1388 2444 divinam.

379 2495 446 2508 —
465 2471 724 2537 Scopelus,
748 2468 974 2522 Molaria
997 2468 1234 2535 nomine,
1255 2488 1390 2521 unus

381 2566 446 2600 ex
466 2546 718 2601 Scironiis
735 2586 751 2613 ,
786 2547 876 2616 qui
899 2556 1041 2601 certe
1064 2557 1392 2600 consecratus

380 2626 483 2679 suit
506 2626 816 2680 Leucothea
846 2637 899 2680 et
934 2625 1218 2681 Palemoni
1249 2646 1263 2680 :
1288 2625 1393 2679 vid.

384 2706 608 2758 Pausan.
631 2706 785 2760 Attic.
810 2726 858 2775 p.
891 2709 998 2759 108.
1026 2705 1182 2775 Apud
1207 2706 1396 2759 Lucia-

387 2801 519 2835 num
537 2822 553 2849 ,
577 2781 647 2836 D.
674 2782 754 2836 M.
776 2805 837 2856 9,
861 2785 960 2838 Ino
984 2784 1049 2838 ab
1074 2784 1393 2839 Athamante

386 2879 451 2913 ex
475 2878 685 2914 summo
710 2859 1010 2915 Citherone
1026 2902 1040 2928 ,
1063 2863 1153 2914 ubi
1178 2872 1398 2930 proten-

391 2936 536 2991 ditur
560 2938 623 2991 ad
648 2955 791 2992 mare
810 2978 825 3005 ‚
858 2941 1066 3010 sugatur
1090 2940 1145 2992 in
1170 2938 1398 3010 pelagus.

390 3040 456 3054 —
478 3016 662 3068 Teclaes
680 3014 928 3082 defi-ndis,
950 3034 981 3068 e
1002 3017 1150 3084 copia
1173 3014 1394 3084 poetica,

395 3092 646 3146 defendit.
672 3121 741 3135 -
788 3096 976 3167 Imbres
994 3135 1008 3155 ,
1053 3097 1407 3162 tempestatesi

390 3169 543 3240 ‘Vir-g.
556 3170 681 3224 AEn.
694 3172 720 3225 Ι
725 3211 741 3238 ,
760 3192 776 3223 ι
784 3172 869 3237 63,
879 3173 1085 3237 scopuli,
1097 3190 1297 3238 quorum
1307 3170 1401 3221 sub

393 3253 579 3300 vertioe
590 3252 694 3301 lale
705 3250 925 3317 AEquom
941 3254 1053 3299 luta
1065 3250 1230 3298 silent.
1252 3246 1299 3298 E
1312 3245 1401 3298 tali

397 3335 573 3378 autem
590 3326 803 3395 scopulo
824 3323 982 3378 facilis
995 3323 1153 3376 saltus
1166 3322 1224 3374 in
1238 3339 1400 3374 mare.

396 3427 465 3443 ·-
487 3406 629 3456 Onus
654 3423 812 3456 suum.
839 3400 1142 3456 Secundum
1162 3397 1403 3468 Apollod.

394 3479 538 3535 hunc
571 3481 737 3536 filium
763 3499 919 3534 suum
945 3489 1217 3532 mortuum
1240 3486 1405 3546 gesta-

393 3558 512 3627 bat,
544 3562 844 3628 coniectum
867 3576 1058 3627 nempe
1092 3558 1148 3609 in
1182 3557 1403 3608 serven-

394 3646 506 3690 tem
521 3638 703 3692 lebetis
720 3655 925 3705 aquam.
944 3636 1120 3688 Etiam
1133 3631 1270 3702 apud
1294 3632 1406 3685 Eu·-

392 3715 551 3785 ripid.
590 3713 739 3768 Med.
783 3715 907 3768 1286
925 3754 940 3781 ,
983 3711 1122 3766 cadit
1157 3711 1211 3764 in
1262 3729 1406 3762 mare

395 3804 617 3863 propter
637 3792 852 3861 impiam
874 3792 1157 3844 liberorum
1180 3789 1376 3843 cadem
1390 3829 1405 3856 ,

398 3872 492 3926 ubi
513 3870 617 3923 vid.
643 3870 816 3924 Schol.
851 3897 920 3910 —
957 3870 1039 3923 De
1076 3888 1259 3938 spuma
1291 3868 1410 3922 alibi

399 3960 687 4021 usurpatur
696 3953 960 4003 albescere.
975 3948 1111 4002 Plin.
1132 3951 1201 4015 V,
1216 3948 1312 4017 Ep.
1328 3964 1407 4014 vr,

404 4034 470 4097 24
490 4049 505 4083 t
524 4049 591 4082 et
614 4032 750 4080 odilo
774 4031 1011 4080 desiliens
1029 4045 1164 4095 aqna
1187 4029 1413 4079 albescit.

408 4108 516 4162 Sed
537 4119 592 4161 et
619 4108 776 4161 verba
800 4109 1150 4160 incandescere
1163 4114 1218 4157 et
1234 4123 1414 4158 recan-

1483 1926 1683 1978 descere
1713 1922 1904 1977 eodem
1944 1942 2100 1977 sensu
2131 1924 2262 1993 poni
2278 1962 2296 1991 ,
2343 1923 2502 1979 docet

1486 2001 1751 2056 schwarz.
1776 2002 1839 2056 ad
1863 2003 2002 2057 Plin.
2024 2004 2157 2057 Pan.
2180 2019 2286 2055 xxx
2300 2041 2316 2068 ,
2343 2004 2391 2056 3.

1550 2079 1664 2132 530.
1679 2083 1760 2133 At
1777 2082 1945 2134 Venus
1958 2084 2211 2133 tianen'tae
2226 2089 2322 2132 etc.
2351 2079 2498 2149 Quo-

1485 2155 1632 2207 niam
1659 2154 1761 2207 Ino
1790 2157 1995 2208 Veneris
2014 2174 2078 2207 ex
2100 2155 2394 2210 Harmonia
2409 2177 2502 2210 ne·—

1474 2238 1587 2302 ptis
1602 2274 1617 2294 ‚
1642 2244 1916 2302 propterea
1937 2233 2050 2286 bac
2071 2252 2100 2286 e
2125 2233 2338 2289 fictione
2364 2237 2502 2292 Ovi—-

1487 2309 2022 2379 diiinterceditApud
2036 2310 2344 2380 Lucianum,
2361 2313 2503 2369 dicto

1487 2387 1603 2441 loco
1616 2427 1632 2454 ,
1659 2390 1919 2456 Neptunus
1957 2398 2142 2458 sponte
2166 2428 2182 2455 ,
2219 2389 2273 2442 in
2311 2391 2502 2446 Bacchi

1490 2465 1708 2534 gratiam
1721 2503 1737 2530 ,
1761 2463 1824 2518 iis
1837 2463 2162 2517 divinitatem
2188 2464 2385 2520 tribuit.
2405 2470 2503 2520 Im·

1491 2548 1677 2595 merila·
1691 2582 1705 2603 ‚
1746 2541 1964 2596 insontis
1980 2581 1995 2608 ,
2036 2561 2154 2612 que
2190 2542 2346 2596 talem
2387 2563 2504 2598 sor-

1490 2632 1602 2675 tem
1618 2639 1726 2674 non
1751 2632 2034 2676 meruerat.
2049 2624 2352 2677 -Labores
2365 2665 2380 2688 ,
2400 2626 2505 2678 mi·-

1490 2719 1662 2754 eeram
1685 2711 1880 2754 sortem
1901 2740 1916 2767 ,
1942 2719 2192 2772 angorem
2218 2701 2379 2754 animi
2399 2743 2413 2765 ,
2442 2723 2505 2756 ex

1491 2780 1691 2833 insania
1716 2790 1911 2833 ortum.
1924 2779 2246 2833 —Mconum
2264 2780 2504 2835 Vatican.

1491 2859 1646 2928 prim.
1677 2858 1970 2927 Hamburg.
1998 2868 2053 2911 et
2075 2876 2171 2926 pro
2203 2856 2405 2911 diversa
2429 2859 2508 2913 le—

1491 2937 1667 2991 ctione
1692 2935 1893 2990 Arond.
1918 2943 2110 2988 tuorum
2128 2975 2141 2998 ,
2173 2935 2313 3004 quod
2340 2936 2504 2990 Hein-

1493 3014 1598 3068 sius
1619 3014 1878 3068 efficacius
1896 3013 2122 3082 putabat.
2145 3014 2256 3067 Pro
2274 3013 2353 3067 his
2374 3013 2505 3068 duo—

1496 3092 1592 3144 bus
1615 3090 1950 3156 lectionibus,
1979 3089 2162 3144 Codex
2183 3102 2362 3144 noster
2384 3093 2504 3146 Re-

1498 3169 1609 3237 gius
1647 3169 1694 3220 B
1734 3167 1891 3220 babet
1925 3173 2150 3234 nepotum
2180 3186 2204 3233 ‚⁶
2254 3186 2363 3221 non
2409 3170 2507 3222 in-

1499 3253 1660 3312 grate,
1678 3252 1866 3295 namet
1887 3242 1985 3293 Ino
2005 3249 2058 3294 et
2073 3242 2342 3297 Melicerta
2356 3258 2507 3300 erant

1500 3329 1720 3388 nepotes
1730 3318 1982 3386 Neptuni.
1998 3321 2511 3376 Ed.-=lactan'ven-

1500 3401 1564 3453 tis
1585 3408 1639 3452 et
1663 3397 1817 3450 undis
1840 3409 2011 3452 nautae
2030 3399 2151 3453 alias
2172 3400 2508 3455 dicuntur.—

1500 3482 1696 3532 Iom‘um
1719 3478 1946 3530 absolute
1980 3478 2170 3532 dicitur
2188 3519 2202 3545 ,
2231 3480 2391 3533 etiam
2419 3482 2506 3536 ubi

1498 3562 1790 3610 &emensum
1802 3567 1891 3609 aut
1908 3577 2140 3625 magnum
2154 3558 2379 3613 additur.
2405 3560 2509 3616 Ve-

1501 3652 1625 3687 rum
1642 3634 1862 3687 Moluris
1880 3673 1895 3700 ,
1923 3653 2040 3703 pars
2057 3637 2252 3689 montis
2265 3637 2509 3694 Gerania

1503 3713 1559 3765 in
1584 3712 1774 3765 finibus
1795 3713 2078 3782 Megaridis
2093 3753 2109 3780 ,
2135 3713 2376 3770 imminet
2399 3737 2508 3772 non

1504 3792 1668 3857 Ionio,
1689 3789 1779 3844 sed
1790 3791 1924 3843 sinui
1942 3791 2209 3847 Saronico.
2223 3795 2405 3864 ltaque
2421 3806 2513 3848 aut

1505 3871 1699 3923 lanima
1714 3869 1814 3921 aiio
1827 3888 1981 3923 sensu
1998 3871 2168 3938 posuit
2188 3872 2383 3939 (Schol.
2397 3874 2510 3926 Eu·-

1507 3946 1657 4016 ripid.
1698 3946 1762 3999 ad
1800 3946 1986 4002 Phoen.
2021 3948 2108 4014 11,
2147 3950 2209 4015 6)
2230 3991 2245 4019 ,
2273 3962 2364 4005 aut
2386 3951 2512 4003 alios

1507 4035 1742 4079 auctores
1757 4035 2007 4094 sequutus
2028 4030 2376 4090 ese—mm5
2399 4024 2510 4077 Co-

1506 4102 1606 4157 dex
1631 4103 1828 4172 Regius
1854 4104 1900 4156 A
1919 4143 1935 4171 ,
1969 4124 2091 4158 mea.
