2975 4784
884 468 1944 540 METAMORPnoseon.
2397 467 2484 560 37

353 612 555 688 thusoe
576 614 649 686 in
669 613 907 698 latices,
939 614 1147 721 Lynci
1170 615 1455 716 denique
1479 617 1654 711 regis
1676 617 1745 688 in
1765 616 1946 722 lynca
1967 609 2452 727 mutationibus
2468 664 2489 697 ‚

355 749 555 834 atque
590 733 661 806 T
655 732 960 833 nJvtoIemi
984 731 1383 826 agricultura
1423 733 1599 807 inter
1642 761 1711 807 se
1744 746 2163 805 certaverant.

447 866 608 937 Lm.
644 863 764 936 VI.
805 862 964 960 Quo
994 861 1299 964 exemplo
1330 879 1512 937 mota
1547 862 1766 936 Pallas
1801 861 1883 935 de
1918 858 2247 936 Arachnes
2286 857 2490 932 exitio

360 981 505 1076 cogi
514 980 693 1053 tavit.
735 981 967 1079 Itaque
987 979 1157 1053 inito
1177 1008 1325 1053 cum
1347 1009 1419 1055 ea
1440 978 1706 1054 texendi
1729 978 2081 1053 certamine
2097 1033 2115 1063 ,
2139 986 2496 1077 postquam

359 1097 709 1197 utriusque
749 1095 876 1170 tela
905 1096 1117 1169 varias
1149 1095 1700 1196 transsatio-‘iones
1729 1092 2252 1196 repraesentavit,
2281 1091 2497 1191 ipsam

362 1211 429 1282 in
459 1238 751 1283 araneam
799 1211 1097 1283 mutavit.
1147 1211 1380 1311 Neque
1416 1228 1636 1284 tamen
1662 1209 1873 1284 Niobe
1911 1205 2258 1311 popularis
2299 1205 2504 1304 hujus

362 1353 556 1426 prena
584 1324 925 1398 admonita
960 1341 1091 1413 est,
1132 1354 1266 1425 quo
1300 1325 1522 1400 minus
1556 1354 1624 1400 se
1660 1328 1934 1401 Latonae
1967 1321 2305 1425 praeferret
2333 1351 2349 1409 ;
2408 1321 2500 1395 ob

367 1470 562 1542 quam
593 1441 947 1529 ferociam,
984 1440 1348 1515 interfectis
1382 1442 1467 1516 ab
1515 1439 1833 1543 Apolline
1894 1457 1962 1514 et
1997 1438 2215 1513 Diana
2270 1436 2503 1510 liberis

366 1558 508 1656 ejus
544 1556 898 1643 omnibus,
935 1555 1009 1628 in
1035 1584 1257 1629 saxum
1295 1556 1640 1631 obduruit.
1692 1558 1852 1655 Quo
1887 1555 2158 1657 quidem
2192 1554 2503 1649 cognito,

366 1700 545 1745 unus
570 1700 606 1745 e
634 1671 835 1767 vulgo
864 1671 1092 1779 Lycios
1118 1673 1366 1747 rusticos
1390 1674 1460 1746 in
1488 1700 1671 1747 ranas
1701 1702 1739 1748 a
1764 1675 2025 1748 Latona
2048 1699 2306 1759 versos,
2341 1668 2506 1742 alter

370 1786 692 1893 Marsyam
718 1788 803 1862 ab
832 1787 1151 1890 Apolline
1185 1790 1592 1863 excoriatum
1627 1790 1698 1862 in
1732 1789 2119 1863 memoriam
2145 1785 2497 1862 revocavit.

366 1905 634 1980 Nioben
687 1904 877 2001 luget
923 1905 1157 2007 Pelops
1177 1965 1197 1992 ‚
1249 1906 1357 1980 cui
1390 1906 1706 1980 humerus
1740 1905 2074 1980 eburneus
2106 1904 2301 1979 datus
2335 1921 2496 1978 erat.

373 2020 501 2096 Sed
531 2021 616 2096 ad
644 2020 1090 2097 consolandos
1118 2022 1482 2097 Thebanos
1513 2022 1787 2096 urbium
1829 2021 2261 2095 finitimarum
2303 2019 2506 2114 legati

378 2155 844 2212 convenerunt.
872 2136 1015 2210 Soli
1038 2136 1306 2211 deerant
1325 2138 1792 2224 Athenienses,
1816 2136 2133 2236 quoniam
2150 2134 2507 2210 abarbaris

382 2253 755 2346 agminibus
788 2253 1305 2341 infestabantur,
1346 2280 1518 2353 quos
1557 2252 1789 2326 Tereus
1810 2251 2016 2339 fudit,
2055 2251 2161 2325 eui
2193 2251 2502 2325 Pandion

378 2369 660 2444 Procnen
691 2371 760 2444 in
792 2371 1288 2446 matrimonium
1329 2369 1532 2443 dedit.
1577 2371 1645 2442 Is
1687 2365 1819 2441 alio
1857 2385 2152 2469 tempore
2206 2366 2506 2442 Athenas

372 2516 672 2563 reversus
690 2543 711 2576 ‚
747 2517 956 2588 quum
988 2485 1399 2561 Philomelam
1422 2544 1442 2571 ‚
1482 2484 1714 2558 uxoris
1745 2512 2042 2558 sororem
2068 2540 2089 2573 ‚
2129 2512 2351 2559 secum
2384 2484 2503 2559 ab·

375 2602 702 2692 duxisset,
739 2632 817 2678 ea
851 2620 1153 2704 stuprata
1183 2658 1202 2690 ,
1236 2601 1515 2702 aliisque
1548 2601 1962 2675 facinoribus
1982 2600 2411 2702 perpetratis,
2435 2600 2508 2674 in

372 2750 638 2823 upupam
681 2738 784 2796 est
814 2719 1323 2795 transformatus
1349 2776 1368 2808 ,
1422 2717 1982 2820 quemadmodum
2030 2716 2382 2791 Philomela
2433 2719 2505 2793 iu

373 2837 685 2912 lusa'ni'am
705 2895 726 2923 ,
784 2836 1024 2911 Pmcne
1054 2836 1127 2909 in
1150 2835 1551 2911 hirundinem.
1592 2838 1764 2933 Quae
1795 2864 1901 2910 res
1933 2828 2264 2910 Pandioni
2310 2836 2504 2911 intel-

375 2951 541 3029 lecta
575 2970 860 3027 mortem
888 2950 1139 3026 attulit.
1178 2952 1355 3026 Huic
1389 2952 1461 3025 in
1493 2981 1702 3047 reg-no
1728 2952 2046 3027 successit
2075 2952 2460 3028 Erechtheus
2480 3015 2500 3042 ‚

379 3070 568 3169 cujus
610 3067 817 3142 filiam
856 3066 1203 3174 Orithy-iam
1236 3069 1488 3143 Boreas
1522 3069 1779 3169 rapuit,
1816 3084 2013 3168 atque
2048 3097 2129 3142 ex
2159 3070 2345 3172 rapta
2380 3055 2509 3144 Ca·-

380 3183 506 3257 lain
534 3185 910 3287 procreavit
940 3201 1009 3259 et
1037 3183 1279 3258 Zethen
1295 3243 1314 3271 ‚
1376 3185 1494 3285 qui
1544 3184 1617 3257 in
1648 3186 2192 3279 Argonautarum
2229 3215 2510 3260 numero

382 3299 658 3376 l'uerunt
675 3356 694 3390 ,
734 3329 945 3405 quum

473 3437 633 3508 LIB.
668 3436 834 3521 Vll,
862 3433 1100 3520 Iason,
1142 3434 1333 3509 victis
1358 3434 1611 3507 Medea·
1635 3431 1883 3508 auxilio
1915 3435 2121 3509 tauris
2148 3435 2369 3530 ignem
2392 3464 2512 3510 vo·

372 3549 756 3637 mentibus,
793 3550 1131 3624 seminatis
1165 3551 1491 3652 serpentis
1522 3549 1798 3625 denh'bus
1825 3609 1845 3636 ‚
1900 3579 1936 3625 e
1970 3551 2219 3652 quibus
2249 3549 2514 3624 homines

370 3666 607 3745 annali
620 3665 1036 3767 prodierunt,
1066 3684 1134 3741 et
1166 3667 1450 3741 dracone
1482 3665 1731 3768 sopito,
1758 3667 1962 3739 vellus
1989 3693 2235 3740 aureum
2261 3665 2509 3741 retulit.

372 3780 661 3871 Medea,
708 3783 1030 3856 Jasonem
1065 3781 1134 3855 in
1195 3781 1514 3855 Graeciam
1549 3782 1859 3856 comitata
1878 3837 1897 3871 ,
1951 3780 2212 3856 AE'soni
2235 3782 2520 3855 medica-

362 3913 762 3971 mentorum
819 3925 948 3998 ope
989 3897 1402 3995 juventutem
1450 3896 1782 3988 reddidit,
1837 3895 2262 3996 eamdemque
2320 3893 2521 3969 Pelioe

370 4010 685 4116 pollicita
707 4069 728 4102 ‚
763 4012 1107 4115 praemisso
1145 4012 1347 4086 an'etis
1377 4012 1447 4086 in
1476 4041 1701 4115 agnum
1741 4011 2078 4087 reformati
2120 4009 2475 4111 specimine
2500 4063 2519 4095 ,

374 4127 551 4203 dolo
588 4155 742 4203 eum
778 4127 1042 4202 occidit.
1083 4126 1250 4201 Inde
1274 4156 1396 4229 per
1416 4129 1593 4204 varia
1618 4129 1765 4204 loca
1786 4128 1992 4201 multis
2018 4123 2306 4219 insignia
2329 4137 2528 4197 trans-

351 4245 850 4345 finnationibus
877 4243 1121 4338 delata,
1150 4261 1313 4347 post
1340 4245 1595 4321 occisos
1618 4243 1874 4355 liheros
1889 4241 2121 4341 AEgeo
2145 4240 2381 4341 nupsit
2403 4240 2530 4314 sub
