2975 4784
473 448 561 517 38
1355 447 1723 516 SERIES

469 586 823 661 adventum
852 583 1112 671 Thesei,
1162 613 1359 685 quem
1392 614 1580 687 paene
1614 614 1869 662 veneno
1907 583 2374 659 interfecisset.
2415 584 2610 679 AEgei

471 702 713 800 gaudia
746 702 827 775 de
862 701 1003 775 filio
1040 708 1309 803 r‘ecepto
1345 703 1574 777 turbat
1606 703 1823 777 Minos
1846 760 1863 787 ,
1908 700 2159 776 bellum
2195 716 2430 774 contra
2462 729 2613 783 eum

468 846 746 922 paranS,
783 816 1076 891 collectis
1104 816 1403 919 undique
1438 818 1691 919 copiis,
1729 817 1925 891 etiam
1955 846 1991 891 e
2024 817 2198 890 Paro
2219 870 2239 904 ‚
2275 815 2401 889 ubi
2430 817 2616 891 Arne

468 936 544 1009 in
574 932 959 1007 monedulam
997 932 1213 1008 fuerat
1247 962 1594 1021 conversa,
1643 932 2070 1034 AE'acumque
2105 933 2174 1005 in
2207 949 2430 1034 partes
2461 959 2613 1005 suas

467 1049 727 1125 trahere
762 1050 1060 1152 cupiens.
1116 1051 1211 1143 At
1243 1048 1355 1124 ille
1385 1049 1469 1123 ab
1504 1050 1718 1145 AEgeo
1752 1048 1975 1135 stetit,
2025 1066 2093 1122 et
2126 1048 2209 1122 ad
2244 1076 2396 1122 eum
2428 1047 2613 1153 Myr-

465 1167 735 1241 midones
764 1195 954 1255 suos,
988 1183 1148 1267 post
1183 1193 1445 1260 gravem
1481 1182 1735 1267 pestem
1758 1192 1794 1240 e
1796 1163 2084 1265 fhnm‘cis
2111 1180 2298 1237 ortos
2316 1218 2336 1250 ,
2361 1160 2611 1236 auxilio

469 1284 703 1373 misit,
742 1283 905 1358 duce
959 1280 1237 1385 Cephalo
1282 1281 1716 1369 Atheniensi,
1755 1279 1872 1381 qui
1903 1279 2134 1353 Phoco
2159 1335 2178 1367 ,
2213 1278 2400 1353 AEaci
2432 1277 2611 1366 filio,

472 1417 699 1474 narrat
727 1456 747 1488 ,
803 1398 1148 1501 quomodo
1188 1399 1272 1483 ab
1309 1400 1574 1474 Aurora
1606 1413 1674 1471 et
1721 1411 1954 1497 raptus
1993 1413 2061 1469 et
2096 1395 2224 1469 alia
2246 1394 2466 1495 finma
2511 1396 2615 1468 in-

470 1515 708 1604 dutus,
747 1515 1011 1590 Procrin
1045 1543 1319 1588 uxorem
1356 1513 1426 1587 in
1452 1512 1851 1588 adulterium
1884 1510 2260 1613 pellexerit,
2293 1512 2380 1587 ab
2410 1541 2614 1613 eaque

454 1661 548 1733 ‘ex
580 1633 743 1727 fuga
775 1658 1032 1705 reversa
1067 1658 1274 1703 canem
1320 1647 1386 1704 et
1417 1630 1700 1733 jaculum
1736 1627 2064 1730 acceperit
2083 1685 2103 1721 ,
2164 1657 2457 1730 quorum
2503 1628 2611 1704 ille

358 1812 369 1823 .
470 1776 623 1822 cum
662 1747 853 1847 vulpe
885 1745 1209 1820 Thebana
1243 1745 1315 1818 in
1350 1773 1574 1819 saa-mn
1606 1773 1964 1820 conversus
2001 1744 2123 1835 sit,
2157 1745 2289 1820 hoc
2322 1762 2543 1821 autem
2576 1775 2612 1819 a

469 1889 539 1935 se
572 1860 994 1962 imprudente
1028 1860 1305 1934 missum
1339 1888 1615 1935 uxorem
1649 1860 2067 1936 interfecerit.

567 2008 724 2080 Lm.
764 2008 951 2079 VIII.
1016 2005 1232 2079 Minoi
1267 2006 1533 2080 interim
1576 2009 1917 2102 Megaram
1950 2007 2289 2083 obsidenti
2343 2006 2599 2114 Scylla,

470 2149 694 2196 amore
728 2122 873 2221 ejus
899 2139 1124 2224 capta,
1160 2121 1443 2223 patriam
1466 2151 1617 2197 cum
1645 2124 1825 2198 crine
1851 2124 2009 2200 Nisi
2028 2125 2239 2227 patris
2267 2150 2605 2226 purpureo

464 2238 726 2341 prodit3
757 2239 874 2314 sed
892 2256 1112 2341 spreta
1131 2239 1215 2313 ab
1235 2238 1353 2313 illo
1380 2268 1589 2340 quum
1612 2240 1924 2314 abeuntis
1947 2240 2098 2315 navi
2123 2240 2510 2327 inhaereret,
2533 2238 2607 2312 in

476 2357 625 2430 cirin
663 2384 844 2431 avem
861 2412 882 2445 ,
918 2374 1109 2458 pater
1140 2372 1359 2430 autem
1395 2356 1466 2429 in
1504 2354 1829 2430 hah'oeetmt
1868 2373 2230 2430 mutantur.
2281 2358 2610 2431 Reversus

468 2473 701 2547 Minos
733 2472 807 2545 in
854 2474 1115 2547 Cretam
1151 2473 1581 2547 Mffiotaunan
1607 2530 1627 2557 ‚
1680 2472 2127 2573 opprobrium
2163 2471 2421 2565 generis
2455 2470 2560 2542 sui
2587 2525 2607 2556 ,

468 2585 855 2688 labyrintho
896 2586 1150 2662 Daedali
1185 2604 1325 2662 arte
1356 2587 1617 2689 posito,
1654 2586 1940 2660 includit
1964 2641 1984 2673 ,
2018 2604 2088 2659 et
2117 2583 2361 2660 Atticis
2385 2583 2613 2685 pueris

469 2705 719 2805 pascit,
758 2734 794 2779 e
816 2703 1068 2805 quibus
1097 2702 1373 2778 Theseus
1392 2719 1766 2778 monstrum
1786 2701 2119 2790 interficit,
2140 2718 2340 2802 atque
2363 2701 2612 2777 An'ad-

469 2848 583 2893 nen
603 2881 623 2908 ‚
662 2821 853 2921 cujus
887 2849 1019 2923 ope
1053 2848 1134 2895 ex
1157 2818 1542 2921 labyrintho
1570 2846 1639 2893 se
1672 2817 2129 2919 expediverat,
2166 2846 2391 2893 secum
2418 2846 2455 2893 e
2486 2846 2610 2919 pa*

470 2936 597 3010 tria
631 2937 897 3012 ductam
930 2938 1001 3011 in
1037 2936 1167 3011 Dia
1201 2933 1420 3009 insula
1452 2934 1805 3036 relinquit,
1839 2936 1961 3010 ubi
1990 2965 2133 3012 eam
2163 2936 2466 3011 Bacchus
2500 2964 2609 3010 as·-

470 3049 676 3123 sumit
695 3105 714 3137 ,
745 3051 1019 3151 ejusque
1045 3078 1328 3126 coronam
1352 3050 1530 3125 inter
1549 3049 1752 3124 sidera
1775 3049 2082 3125 collocat.
2110 3050 2430 3126 Doedalus
2452 3078 2606 3126 vero

471 3193 679 3266 quum
729 3194 807 3241 ex
860 3167 1078 3242 insula
1129 3166 1246 3242 illa
1297 3165 1612 3262 aufugere
1663 3195 1805 3241 non
1837 3185 2106 3270 posset,
2156 3167 2279 3243 alis
2320 3169 2607 3244 inventis

468 3289 753 3364 evolavit
773 3345 793 3379 ‚
829 3291 945 3365 sed
992 3292 1218 3367 Icarus
1259 3308 1420 3395 post
1465 3309 1721 3394 patrem
1770 3294 2001 3371 volans
2053 3295 2436 3370 submersus
2482 3310 2601 3368 est.

468 3403 636 3500 Ejus
688 3406 1031 3506 exsequias
1086 3406 1529 3483 celebrantem
1578 3407 1747 3482 vidit
1803 3425 2096 3510 patrem,
2157 3409 2606 3510 gaudiumque

472 3536 712 3594 testata
733 3539 834 3595 est
854 3521 1118 3623 perdar,
1151 3552 1187 3597 e
1213 3524 1472 3598 Perdice
1499 3541 1616 3600 aut
1631 3523 1832 3611 Talo‚
1869 3524 2220 3621 ingenioso
2247 3523 2604 3600 multarum

468 3664 690 3711 rerum
722 3639 1107 3726 inventore,
1160 3669 1357 3741 quem
1398 3639 1717 3717 Daedalus
1764 3638 2010 3714 invidia
2052 3658 2278 3716 motus
2329 3670 2410 3716 ex
2458 3670 2604 3717 arce

468 3751 787 3826 Minervae
807 3755 1211 3857 praecipitem
1230 3756 1518 3845 miserat,
1541 3755 2023 3832 transformata.
2033 3757 2308 3833 Theseus
2332 3760 2603 3849 interea,

468 3895 675 3968 quum
708 3864 1174 3942 celeberrimus
1204 3868 1338 3966 jam
1365 3888 1580 3959 esset,
1619 3872 1706 3947 ad
1734 3901 1951 3974 aprum
2006 3872 2413 3980 &lydom'um
2465 3870 2630 3949 tol-'

463 3984 739 4060 lendum
762 4002 1035 4060 vocatus
1059 4000 1162 4060 est
1179 4040 1198 4071 ‚
1229 4012 1426 4086 quem
1457 3988 1776 4063 Atalanta
1794 3991 2010 4092 prima
2032 3990 2421 4066 vulneravit.
2452 3992 2604 4065 Me·

463 4104 669 4205 leager
691 4122 908 4187 autem
948 4101 1313 4189 interfecit,
1361 4102 1552 4200 cujus
1597 4124 1882 4181 mortem
1916 4098 2302 4182 acceleravit
2333 4106 2608 4183 Althoea

462 4237 708 4310 mater,
746 4221 1104 4298 combusto
1143 4220 1371 4323 stipite
1404 4218 1609 4295 fatali.
1664 4221 1962 4298 Theseus
1988 4223 2220 4300 exista
2249 4224 2601 4309 venatione
