2975 4784
542 426 625 469 υ
1307 403 1868 471 PRAEFATlo

537 545 599 614 in
627 542 815 614 latum
841 567 980 641 quoe
1003 541 1235 615 turbine
1260 542 1465 616 crescit
1483 543 1567 617 ab
1590 543 1710 616 imo
1728 547 1774 614 ,Ρ
1795 570 1953 628 non,
1976 543 2076 615 111
2091 595 2111 627 ,
2139 538 2309 628 586,
2339 542 2517 642 pisca
2525 560 2649 633 tor,

543 668 660 768 qui
696 667 822 740 Iino
843 667 1074 741 solebat
1099 683 1161 741 et
1187 667 1367 742 hamo
1403 669 1738 770 Decipere,
1786 682 1847 741 et
1870 667 2104 740 calamo
2137 665 2413 739 salientes
2443 666 2656 741 ducere

527 792 728 893 pisces
750 795 793 862 ,Ρ
838 820 980 865 non
1005 848 1024 880 ,
1062 794 1231 881 vll,
1287 792 1469 886 624,
1505 793 1795 867 formicae
1829 790 2168 887 frugilegae
2202 791 2440 891 agmine
2479 791 2657 891 longo

527 916 767 1017 grande
788 945 939 992 onus
960 919 1180 1020 exiguo
1204 947 1306 993 one
1321 934 1614 1019 gerentes,
1647 919 2013 1020 Rugosoque
2026 945 2199 990 sumn
2221 931 2519 990 servantes
2534 944 2656 990 cor-

538 1044 651 1117 tice
683 1044 954 1118 callem?
986 1062 1131 1133 aut,
1173 1046 1369 1133 VIII,
1418 1043 1549 1145 189
1572 1101 1592 1132 ‚
1639 1042 1947 1117 Daedalus
1981 1041 2116 1117 alas
2153 1042 2284 1116 sibi
2315 1041 2584 1143 filioque
2618 1070 2655 1115 e

540 1168 814 1270 pennis,
855 1170 996 1244 lino
1026 1189 1094 1244 et
1120 1199 1264 1245 cera
1288 1172 1737 1271 componens?
1771 1170 1897 1244 His
1928 1186 1995 1243 et
2025 1167 2271 1243 talibus
2296 1168 2657 1245 innumeris

540 1292 827 1395 palmam
848 1293 1037 1370 facile
1061 1294 1260 1399 eripit
1282 1294 1713 1396 supellectilis
1732 1294 1804 1369 in
1830 1292 2239 1369 Philemonis
2273 1324 2415 1370 casa
2432 1352 2451 1382 ,
2488 1323 2660 1397 epu-

539 1417 720 1521 lique
755 1422 840 1496 ab
875 1450 955 1495 eo
998 1422 1210 1523 parati
1255 1421 1634 1523 descriptio.
1691 1423 1782 1494 Et
1813 1421 1929 1521 qui
1967 1421 2190 1494 tenuia
2222 1421 2318 1495 sic
2354 1423 2611 1495 ornavit
2634 1478 2655 1510 ,

541 1547 682 1643 ejus
715 1548 1056 1643 ingenium
1086 1548 1284 1621 etiam
1314 1546 1387 1620 in
1410 1546 1774 1645 majoribus
1792 1603 1812 1635 ,
1843 1546 2175 1620 atrocibus
2201 1547 2367 1622 adeo
2395 1547 2652 1621 eminet.

1234 1749 1251 1765 .
1274 1750 1291 1767 .
1316 1748 1331 1764 .
1373 1708 1559 1769 Tanta
1583 1708 1862 1791 vertigine
1892 1720 2105 1790 pontus
2183 1746 2190 1751 ,

701 1807 940 1879 Fervet,
964 1817 1025 1865 et
1050 1804 1279 1865 inducta
1308 1805 1480 1887 piceis
1512 1827 1544 1866 e
1569 1803 1816 1865 nubibus
1849 1803 2046 1864 umbra
2089 1814 2090 1817 ’

702 1899 893 1960 Omne
920 1900 1057 1967 latet
1076 1901 1280 1962 ooelum
1312 1901 1706 1982 duplicataque
1729 1901 1918 1962 noctis
1943 1902 2130 1985 imago
2156 1903 2280 1961 est!

701 1994 873 2056 Unda
888 2038 907 2069 ‚
933 1994 1092 2056 velut
1117 1995 1319 2057 victrix
1335 2039 1354 2072 ‚
1377 1997 1622 2057 sinuatas
1651 1995 1887 2077 despicit
1907 1996 2086 2058 undas
2102 2040 2125 2074 ‚

697 2092 824 2154 Nec
844 2093 1020 2154 levius
1037 2136 1057 2167 ‚
1081 2114 1251 2175 quam
1280 2093 1329 2154 si
1356 2094 1485 2175 quis
1513 2092 1717 2156 Athon
1740 2094 2099 2177 Pindumque
2125 2092 2376 2158 revulsos

702 2192 851 2254 Sede
875 2214 975 2254 sua
998 2205 1157 2255 totos
1190 2193 1250 2252 in
1278 2205 1535 2276 apertum
1561 2193 1825 2258 everterit
1845 2215 2085 2276 aequor,

703 2290 1064 2372 Praecipitata'
1082 2292 1219 2357 ruit.
1490 2357 1495 2361 ,

545 2419 674 2494 Sed
704 2438 887 2494 totus
919 2419 1141 2508 locus,
1176 2423 1307 2508 XI,
1339 2420 1700 2522 478-560,
1738 2421 2238 2519 cognoscendus
2272 2440 2409 2509 est;
2458 2421 2659 2497 habet

545 2545 720 2619 enim
749 2545 1078 2642 egregiam
1108 2547 1516 2647 tempestatis
1534 2602 1554 2635 ,
1592 2547 1800 2622 studii
1842 2566 2191 2622 nautarum
2225 2548 2297 2621 in
2323 2573 2485 2622 nave
2517 2574 2658 2620 ser-

542 2670 786 2759 vanda,
824 2688 893 2745 et
916 2670 1239 2767 naufragii
1258 2670 1787 2773 descriptionem.
1820 2672 2004 2749 Idem
2028 2672 2401 2769 ingenium,
2437 2670 2661 2746 eadem

541 2792 891 2894 phantasia
908 2794 981 2870 in
1012 2794 1504 2871 narrationibus
1524 2796 1757 2873 elucet.
1796 2799 1955 2872 Non
1978 2796 2089 2871 ille
2114 2797 2490 2881 summatim
2512 2824 2663 2869 nar-

544 2931 684 3003 rat,
722 2916 836 2989 sed
872 2919 1095 2993 omnia
1130 2919 1365 2994 ordine
1398 2918 1714 3021 explicat,
1750 2938 1829 2995 ut
1873 2937 1947 2995 tu
1990 2920 2245 2995 adstare
2288 2920 2515 3020 reique
2559 2919 2661 2991 in-

547 3055 786 3113 teresse
813 3041 940 3114 tibi
963 3044 1272 3132 videaris;
1303 3061 1369 3118 et
1393 3044 1450 3118 si
1479 3044 1643 3147 quid
1664 3044 2093 3120 memorabile
2121 3044 2387 3133 incidit,
2424 3043 2496 3118 id
2523 3043 2658 3117 suis

544 3164 766 3269 pingit
799 3165 1152 3244 coloribus.
1192 3168 1511 3273 Daphnes
1546 3169 1865 3267 fugientis
1892 3226 1911 3259 ‚

990 3359 1008 3376 .
1031 3360 1049 3378 .
1072 3362 1090 3377 .
1138 3321 1441 3385 Nudabant
1474 3341 1719 3406 corpora
1755 3321 1912 3384 venti
1930 3362 1951 3398 ,

706 3413 1008 3498 Obviaque
1027 3419 1281 3485 adversas
1309 3422 1603 3485 vibrabant
1636 3422 1854 3483 flamina
1886 3433 2071 3484 vestes
2094 3467 2113 3498 ‚

700 3517 780 3577 Et
805 3516 941 3579 levis
966 3517 1221 3599 impexos
1248 3533 1405 3585 retro
1441 3522 1605 3583 dabat
1630 3542 1762 3584 aura
1790 3518 2041 3603 capillos.

544 3666 634 3739 Et
659 3662 817 3742 m‘ox
851 3670 930 3743 de
962 3699 1119 3745 cane
1151 3669 1361 3774 lepori
1395 3675 1717 3762 instante,
1835 3762 1842 3767 ,

705 3821 875 3885 Alter
899 3825 1188 3887 inhaesuro
1222 3828 1414 3889 similis
1430 3872 1449 3904 ‚
1488 3832 1600 3911 jam
1628 3832 1854 3914 jamque
1885 3845 2078 3894 tenere

702 3928 905 4009 Sperat
923 3971 940 4001 ‚
963 3938 1020 3988 et
1049 3938 1283 3989 extento
1314 3929 1546 4015 stringit
1569 3934 1810 4020 vestigia=
1827 3945 2019 3996 rostro
2046 3957 2062 3993 ε

705 4026 872 4089 Alter
891 4028 951 4088 in
982 4025 1250 4112 ambiguo
1279 4039 1398 4103 est,
1421 4050 1493 4088 an
1524 4031 1599 4090 sit
1624 4030 1932 4113 deprensus
1951 4076 1969 4107 ‚
2001 4044 2060 4091 et
2087 4030 2225 4112 ipsis

696 4125 990 4190 Morsibus
1015 4126 1287 4209 eripitur,
1322 4127 1720 4211 tangentiaque
1744 4149 1843 4191 ora
1863 4127 2155 4208 relinquit.
