2975 4784
632 365 1708 436 METAMORPHOSEON
1757 370 1954 438 LIB.
2010 370 2119 438 11.
2407 372 2436 390 ”

2305 394 2432 437 200

312 508 395 581 In
424 505 665 581 durum
698 507 947 582 silicem
966 564 986 595 ,
1025 508 1141 608 qni
1166 499 1343 581 nunc
1378 536 1645 609 quoque
1677 508 1921 582 dicitur
1946 510 2152 584 Index
2184 538 2200 583 ε

310 633 526 731 Inque
556 629 728 703 nihil
761 631 998 705 merito
1034 649 1222 706 vetus
1258 647 1359 705 est
1391 631 1659 705 infamia
1691 659 1867 706 saxo.
2066 661 2126 720 ο

406 754 597 826 VIII,
633 752 809 826 Hinc
845 782 915 826 se
948 753 1304 828 sustulerat
1334 754 1612 855 paribus
1646 752 1995 827 Caducifer
2022 754 2176 845 alis;

310 875 852 977 Munychiosque
887 876 1117 951 volans
1153 906 1348 972 agros
1369 934 1389 966 ‚
1427 894 1808 977 gratamque
1843 877 2157 953 Minervae

310 997 763 1099 Despectabat
791 999 1102 1089 humum,
1139 1000 1432 1102 cultique
1466 1001 1737 1075 arbusta
1769 1001 1988 1102 Lycei.

2337 1041 2433 1094 710

308 1120 436 1195 Illa
464 1121 641 1196 sorte
677 1121 784 1196 die
819 1140 1008 1197 eastae
1043 1122 1122 1197 de
1154 1151 1341 1197 more
1373 1124 1612 1226 puellae

306 1312 496 1367 Battus
533 1325 751 1384 propter
782 1313 1045 1383 perfidum
1081 1319 1321 1369 :bidei-im

305 1402 543 1445 mutatus
562 1402 656 1445 est.
690 1391 778 1445 Sic
796 1392 956 1462 igitur
976 1403 1031 1446 et
1063 1392 1321 1448 Ovidium

306 1468 674 1538 explicandum
716 1469 953 1522 arbitror.
993 1470 1124 1523 Sine
1160 1470 1321 1523 du'bio

304 1549 362 1602 iu
384 1548 619 1619 quodam
643 1550 916 1603 Messentae
931 1559 1113 1602 monte
1133 1569 1324 1604 eerne-

304 1624 465 1678 batur
486 1626 683 1679 seriore
707 1626 863 1679 etiam
881 1637 1118 1696 tempore
1140 1646 1323 1680 saxum

305 1701 544 1755 hominis
581 1703 801 1756 sormam
843 1715 1126 1774 utcumque
1171 1707 1321 1758 rese·-

307 1797 451 1832 rens.
479 1779 545 1832 In
579 1798 703 1832 eum
734 1781 901 1850 ipsum
924 1792 1188 1835 mutatum
1210 1802 1320 1837 esse

306 1859 529 1912 Battum
557 1859 757 1929 antiqui
786 1860 1141 1926 tradiderant;
1175 1862 1318 1938 uri-de

306 1937 355 1989 ei
374 1939 576 1990 Indicis
599 1956 796 1991 nomen
821 1937 966 1993 haesit
990 1949 1043 1992 et
1064 1959 1185 1993 cum
1207 1960 1319 1994 no·-

306 2017 451 2069 mine
484 2016 718 2071 infamia.
753 2020 914 2080 Index
934 2019 1079 2072 enim
1112 2029 1166 2072 et
1200 2021 1321 2075 satis

306 2092 563 2148 invidiose
580 2093 848 2149 dicebatur
869 2114 883 2149 ε
905 2095 1010 2158 vid,
1026 2096 1236 2151 Ernesti
1254 2098 1320 2151 ad

307 2169 533 2223 Sueten.
563 2170 692 2225 Caes.
727 2192 800 2241 17.

376 2248 626 2316 708-832.
641 2252 778 2303 Hinc
789 2269 846 2303 se
861 2253 1146 2303 sustulerat.
1166 2250 1322 2304 Mer-

304 2325 483 2377 curius
498 2335 637 2378 amat
652 2328 857 2388 Hersen,
872 2325 1121 2396 Cecropis
1138 2326 1318 2395 filiam,

302 2412 560 2472 rogatque
597 2404 711 2471 ejus
749 2423 987 2458 sororem
1021 2407 1316 2474 Aglauron,

304 2490 362 2533 nt
394 2501 550 2535 suam
586 2483 684 2536 sibi
708 2482 761 2536 in
796 2485 910 2554 ejus
937 2504 1115 2538 amore
1139 2484 1319 2538 conei-

305 2559 479 2615 liando
504 2581 725 2632 operam
739 2563 958 2618 addicat.
976 2565 1069 2618 lua
1084 2584 1210 2618 vero
1223 2584 1319 2635 pro

304 2639 601 2693 ministerio
626 2659 870 2712 magnam
889 2642 987 2696 sibi
999 2643 1191 2712 expetit
1207 2644 1321 2697 auri

302 2717 422 2770 vim.
451 2719 707 2772 Minerva
730 2721 886 2790 igitur
908 2731 962 2774 et
985 2740 1194 2775 memor
1216 2742 1320 2775 nu-

304 2815 438 2866 perae
472 2798 746 2868 perfidie,
785 2821 917 2855 vers.
954 2805 1049 2856 555
1083 2822 1193 2872 sqq.
1214 2842 1229 2870 ,
1266 2812 1321 2857 et

302 2877 503 2930 offensa
542 2877 757 2931 avaritia
791 2878 1031 2949 virginis,
1058 2880 1320 2935 Invidiam

299 2952 408 3006 adit
424 2994 440 3021 ‚
464 2974 693 3025 eamque
711 2967 860 3026 rogat
878 2996 893 3022 ,
918 2967 977 3009 ut
997 2976 1203 3011 veneno
1223 2978 1320 3012 suo

301 3032 580 3102 Aglauron
624 3034 821 3088 inficiat
846 3056 861 3098 ;
908 3053 1013 3103 quo
1055 3037 1191 3089 sacto
1233 3036 1319 3090 ina

300 3109 448 3163 lenta
461 3112 579 3166 tabe
590 3113 941 3178 conficitur,et
950 3133 1114 3182 quum
1125 3114 1321 3168 invidia

298 3187 500 3241 sororis
525 3199 656 3243 tacta
686 3191 1017 3245 Mercurium
1045 3191 1317 3246 excludere

296 3266 493 3332 vellet,
531 3267 587 3319 in
623 3268 853 3338 lapidem
885 3269 949 3321 ab
982 3286 1046 3320 eo
1070 3278 1317 3321 mutatur.

298 3343 464 3414 Apud
492 3344 693 3416 Hygin.
731 3346 857 3400 Fata:
900 3344 1025 3412 166,
1063 3345 1319 3414 Aglauros

294 3441 419 3475 eum
456 3423 756 3491 sororibus,
784 3444 813 3476 a
839 3424 1082 3476 Minerva
1111 3423 1179 3476 ob
1206 3424 1317 3476 cis-

294 3500 467 3555 tulam
505 3510 739 3568 apertam
762 3500 962 3553 insania
994 3500 1228 3567 obiecta,
1261 3500 1316 3553 in

293 3594 446 3630 mare
475 3595 534 3630 se
560 3577 860 3647 praecipitat.
880 3578 1081 3631 Confer
1092 3579 1316 3632 Pausan.

292 3674 342 3725 p.
371 3658 461 3720 4¹·
486 3680 556 3695 --
573 3658 712 3707 Hinc
730 3696 744 3716 ,
775 3674 837 3707 ex
861 3655 1020 3726 Pyliis
1043 3656 1175 3725 agris
1201 3675 1213 3708 ε
1225 3676 1317 3723 pa·

288 3736 436 3784 n‘baes
472 3735 605 3792 alts,
652 3732 759 3785 leni
787 3731 961 3785 volatu
982 3771 997 3797 ‚
1023 3752 1187 3801 quum
1225 3735 1316 3787 alae

290 3829 405 3863 non
422 3829 749 3879 magnopere
763 3821 1062 3875 moventur,
1073 3811 1163 3863 sed
1179 3811 1315 3864 linea

292 3889 691 3960 propemodum
727 3888 913 3942 eadem
951 3909 1158 3958 semper
1190 3908 1316 3942 ma-

292 3980 444 4024 nent.
465 3969 770 4038 Respexisse
791 3967 999 4020 videtur
1021 3968 1167 4036 Virg.
1190 3966 1316 4018 AEn.

293 4046 414 4114 IV,
460 4050 537 4115 14.
577 4046 786 4109 Livius,
825 4045 884 4111 l,
920 4046 984 4111 34
1008 4084 1024 4110 ,
1061 4049 1316 4111 suspensis

290 4130 393 4177 ahs
415 4143 434 4177 .-
459 4125 552 4193 qui
576 4124 648 4176 ita
674 4121 849 4174 volant
863 4162 878 4189 ‚
901 4126 1113 4188 pendere
1133 4121 1315 4175 dicun-

1417 1327 1540 1384 tur,
1564 1336 1687 1371 mox
1724 1337 1856 1371 vers.
1906 1316 2036 1386 726,
2072 1325 2127 1368 et
2170 1315 2286 1380 IV,
2319 1316 2433 1382 517.

1417 1394 1559 1465 Opp.
1572 1398 1798 1464 jactatis
1815 1437 1830 1459 ,
1867 1405 1957 1449 aut
1981 1397 2134 1446 moles
2156 1397 2258 1444 alis
2273 1432 2286 1448 .
2317 1393 2438 1460 qui-

1416 1473 1514 1527 bas
1541 1494 1671 1527 vers.
1695 1474 1792 1528 835
1812 1514 1827 1539 ,
1854 1474 1907 1526 in
1933 1473 2120 1527 caelum
2141 1471 2323 1524 avolat.

1486 1569 1599 1623 7⁰9·
1622 1554 1925 1623 Munychias
1940 1591 1953 1608 .
2000 1550 2215 1603 Atticos.
2237 1550 2438 1618 Many·-

1415 1631 1569 1691 cbia,
1608 1649 1726 1699 pars
1763 1629 1904 1683 urbis
1942 1625 2279 1681 Atheniensis
2311 1645 2436 1678 cum

1417 1716 1595 1775 portu.
1623 1735 1690 1748 —
1713 1707 1802 1760 Sic
1827 1707 1963 1760 dicta
1988 1726 2017 1759 a
2043 1704 2319 1777 Munycho
2345 1704 2437 1773 qui

1415 1784 1518 1838 illic
1538 1784 1811 1839 aedificavit
1843 1785 2096 1854 templum
2130 1781 2436 1854 Munychias

1416 1862 1620 1918 Dianae.
1638 1865 1738 1915 Ed.
1761 1890 1829 1903 --
1846 1865 2060 1916 Graiam
2075 1863 2311 1914 Μίκωνα
2328 1862 2436 1911 hu-

1413 1958 1561 1992 mum.
1590 1939 1793 2008 Nempe
1820 1945 1976 2005 grate
2003 1947 2056 1990 et
2086 1940 2283 1989 dilecte
2322 1933 2438 1987 Diis

1415 2018 1572 2071 urbes
1590 2017 1866 2083 dicuntur,
1890 2035 2006 2085 que
2021 2027 2144 2069 sunt
2167 2016 2221 2067 in
2246 2032 2432 2066 eorum

1416 2094 1594 2148 tutela.
1616 2123 1683 2135 —
1704 2096 1924 2165 Lyceum
1952 2092 2178 2145 Athenis
2202 2109 2436 2162 gymna-

1414 2172 1573 2238 sium,
1589 2172 1746 2224 situm
1762 2182 1906 2223 extra
1920 2168 2113 2221 moenia
2128 2168 2192 2220 ad
2208 2168 2432 2233 llissum,

1415 2249 1623 2320 egregie
1646 2249 1848 2303 cultum
1877 2258 1929 2300 et
1961 2246 2231 2299 arboribus
2253 2247 2436 2299 consi-

1416 2339 1533 2383 tum
1558 2351 1571 2392 ;
1597 2329 1652 2381 in
1682 2345 1788 2396 quo
1806 2325 2086 2381 serioribus
2111 2324 2434 2394 temporibus

1417 2404 1731 2461 Aristoteles
1756 2403 1954 2459 scholas
1978 2402 2215 2455 babebat.
2241 2400 2437 2455 Cecro-

1418 2483 1495 2553 pis
1533 2492 1710 2535 autem
1748 2492 1897 2535 aetate
1924 2499 2023 2532 nec
2045 2481 2263 2551 Lyceum
2294 2496 2436 2532 con-

1416 2560 1587 2614 ditum
1610 2600 1625 2625 ,
1661 2579 1759 2613 nec
1777 2558 2030 2612 solemnia
2052 2557 2135 2610 ina
2153 2597 2168 2623 ,
2191 2575 2307 2625 quae
2326 2557 2435 2625 jam

1418 2639 1788 2693 deseribuntur
1811 2677 1826 2703 ‚
1858 2637 2093 2690 instituta
2116 2646 2285 2688 erant.

1486 2735 1596 2786 7¹¹·
1628 2716 1882 2783 maforte
1915 2718 2031 2778 dic,·
2068 2712 2152 2765 die
2189 2712 2435 2766 vicesimo

1416 2793 1649 2848 secundo
1692 2795 1888 2848 mensis
1930 2792 2390 2846 Hecatombaeonis
2416 2832 2432 2860 ,

1418 2872 1512 2940 qui
1545 2873 1655 2925 sere
1707 2870 1992 2941 respondet
2035 2881 2217 2923 nostro
2254 2869 2399 2922 Julio
2416 2907 2433 2936 ,

1418 2951 1607 3020 quinto
1623 2970 1834 3019 quoque
1860 2968 2000 3003 anno
2016 2946 2265 3002 celebrari
2286 2948 2434 3001 sole-

1414 3030 1542 3083 bant
1565 3034 1628 3083 de
1649 3051 1809 3093 more,
1837 3032 1898 3083 ab
1926 3028 2274 3082 Erichthonio
2307 3048 2430 3099 rege

1414 3106 1655 3161 instituto
1676 3149 1690 3167 ‚
1724 3118 1779 3161 et
1819 3127 1846 3160 a
1889 3107 2097 3160 Theseo
2138 3118 2389 3160 renovato
2413 3147 2428 3170 ,

1416 3184 1768 3238 Panathenaea
1782 3223 1798 3250 ,
1823 3186 2010 3253 quibus
2026 3183 2203 3254 peplus
2225 3185 2432 3238 Miner·-

1412 3281 1491 3316 νε
1520 3263 1830 3332 gestabatur.
1859 3264 1920 3315 In
1950 3280 2140 3331 pompa
2171 3262 2427 3330 solemni,

1403 3347 1586 3411 puelle
1609 3350 1766 3395 casta
1787 3353 1840 3395 et
1865 3342 2191 3395 nobilissimae
2205 3382 2220 3408 ‚
2247 3348 2431 3394 vertier:

1410 3428 1692 3489 supposito,
1734 3420 1787 3472 in
1811 3421 1977 3489 capite
1993 3459 2007 3484 ,
2037 3420 2313 3489 portabant
2334 3439 2429 3472 ca-

1412 3504 1577 3551 nistra
1597 3518 1688 3552 seu
1707 3498 1888 3552 corbes
1908 3538 1923 3563 ‚
1951 3497 2092 3551 unde
2118 3522 2227 3561 κανη
2237 3502 2358 3574 φόροι
2373 3508 2428 3550 et

1413 3581 1662 3651 chvofo'poe
1703 3575 1852 3628 dictae
1889 3585 2013 3627 sunt
2038 3597 2051 3636 ;
2100 3593 2225 3627 nam
2266 3586 2422 3630 aet-1052

1410 3659 1685 3705 cam'slmm
1696 3651 1950 3723 significat
1970 3675 1982 3716 ;
2008 3664 2061 3706 et
2077 3662 2219 3707 λίκνον
2232 3652 2424 3706 eodem

1411 3729 1563 3783 redit.
1591 3730 1669 3782 Ea
1693 3732 1914 3783 canistra
1928 3738 2173 3782 coronata
2192 3728 2424 3795 (Ciosan.

1408 3810 1786 3878 interpretatur
1823 3809 1886 3862 ad
1936 3809 2231 3878 marginem
2273 3826 2425 3877 usque

1401 3885 1599 3957 plena)
1622 3899 1773 3941 erant
1797 3888 2013 3942 floribus
2036 3900 2090 3942 et
2115 3887 2388 3941 frondibus
2407 3921 2422 3949 ,

1409 3968 1852 4035 continebantque
1868 3986 2040 4027 sacra,
2073 3966 2123 4017 id
2143 3976 2220 4018 est
2234 4005 2249 4029 ‚
2274 3983 2421 4024 vasa,

1411 4062 1640 4111 quorum
1661 4064 1781 4097 usus
1799 4045 1853 4097 in
1875 4045 1982 4097 istis
1997 4040 2317 4096 solemnibus
2330 4076 2345 4102 ‚
2371 4047 2427 4088 et

1407 4122 1480 4174 sic
1503 4141 1662 4188 pura,
1702 4140 1812 4178 non
1843 4123 2063 4188 profana
2089 4141 2105 4183 ς
2148 4117 2246 4168 nisi
2277 4114 2426 4166 mali-⁹
