2975 4784
675 463 1755 534 METAMORPHOSEON
1814 471 2007 538 LIB.
2068 474 2127 540 1.

2382 477 2469 566 89

340 599 662 691 Tortilis,
700 601 772 673 in
806 600 1012 675 latum
1051 632 1195 704 quae
1232 605 1497 678 turbine
1533 606 1767 679 crescit
1793 607 1877 680 ab
1903 609 2037 682 imo
2069 640 2085 683 ε

342 718 668 805 Rumina,
704 746 849 818 quae
882 719 1100 792 medio
1133 720 1438 821 concepit
1472 738 1548 794 ut
1582 750 1729 796 aera
1763 741 1970 823 ponto
1990 781 2009 812 ,

340 834 573 909 Litora
605 863 763 907 voce
791 835 1044 936 replet,
1083 836 1210 909 sub
1240 854 1522 937 utroque
1552 837 1833 937 jacentia
1866 839 2145 914 Phoebo.

345 950 518 1024 Tum
554 978 862 1052 quoque,
900 969 977 1024 ut
1012 979 1125 1025 ora
1157 953 1284 1025 Dei
1313 953 1579 1026 madida
1615 956 1907 1030 rorantia
1936 956 2146 1031 barba

349 1065 690 1162 Contigit,
726 1085 794 1141 et
828 1066 1065 1141 cecinit
1086 1069 1307 1168 jussos
1335 1069 1558 1143 inflata
1589 1089 1921 1172 receptu8‚

347 1181 686 1255 Omnibus
716 1182 937 1256 audita
968 1201 1071 1257 est
1104 1181 1359 1258 telluris
1393 1203 1460 1260 et
1493 1187 1778 1288 aequoris
1810 1187 2055 1275 undis;

346 1298 434 1370 Et
470 1298 721 1399 quibus
753 1314 856 1371 est
887 1298 1084 1372 undis
1118 1299 1375 1388 audita,
1413 1302 1707 1376 coercuit
1739 1330 1990 1376 omnes,

341 1416 491 1491 Jam
524 1444 701 1489 mare
732 1414 894 1489 litus
924 1415 1166 1503 babet3
1197 1414 1433 1517 plenos
1466 1418 1644 1519 capit
1676 1416 1899 1492 alveus
1932 1446 2198 1507 amne-53
2231 1437 2238 1444 '

341 1531 647 1607 Flumina
678 1531 1072 1618 subsidun13
1101 1531 1305 1606 colles
1327 1533 1511 1607 exire
1548 1533 1858 1608 videntur
1888 1563 1906 1623 3

344 1649 578 1743 Surgit
606 1648 882 1735 humus3
911 1666 1218 1723 crescunt
1244 1647 1392 1722 loca
1423 1648 1957 1725 decrescentibus
1990 1648 2235 1724 undis:

2374 1668 2475 1738 345

344 1764 647 1863 Postque
682 1764 853 1838 diem
885 1762 1153 1860 longam
1187 1764 1434 1839 nudata
1468 1766 1804 1841 cacumina
1838 1764 2018 1840 silvae

347 1877 773 1968 Ostendant,
808 1881 1170 1983 limumque
1205 1900 1433 1957 tenent
1464 1884 1535 1956 in
1563 1882 1794 1957 fronde
1830 1881 2154 1956 relictum.

412 2052 526 2106 ³36.
569 2056 791 2107 Torlmtr.
814 2057 1025 2108 Beloda
1047 2054 1103 2110 in
1127 2055 1367 2110 latitudi-

352 2149 494 2184 nem.
506 2158 572 2173 -
591 2135 711 2199 Qun
721 2136 914 2186 turbine
926 2139 1118 2187 crescit.
1136 2133 1276 2202 Quae
1300 2134 1364 2186 ab

357 2228 448 2262 ure
462 2220 679 2279 angusto
689 2210 865 2280 incipit
881 2221 935 2264 et
952 2211 1005 2263 in
1022 2210 1256 2280 amplum
1270 2210 1368 2263 de·-

359 2287 480 2341 sinit
504 2285 566 2339 ad
592 2288 804 2342 turbinis
826 2288 1240 2343 similitudinem.
1265 2290 1364 2341 Ed.

419 2365 534 2435 337.
557 2369 789 2431 Concepit
802 2374 863 2419 a!
877 2387 1001 2422 aera
1015 2410 1028 2430 ,
1049 2367 1230 2422 inflata
1254 2376 1331 2421 est
1350 2407 1365 2434 ‚

351 2442 578 2513 quemad
584 2444 800 2497 modum
816 2446 928 2499 vela
940 2451 1232 2515 concipiunt
1240 2466 1366 2499 ven·

346 2533 453 2584 tos,
481 2541 672 2593 pennae
693 2523 868 2575 avium
893 2543 1074 2588 θυι-ως
1097 2532 1177 2584 nt,
1207 2543 1367 2594 quan·

349 2599 431 2652 do.
454 2599 795 2654 Generaliter
819 2601 1052 2670 loquitur
1072 2642 1087 2668 ‚
1112 2621 1238 2656 nam
1258 2621 1365 2671 seq.

356 2679 478 2731 Tum
497 2698 705 2748 quoqne.
730 2678 851 2732 Hoc
869 2698 976 2732 non
997 2680 1367 2734 animadvertit

348 2755 451 2825 ipse
468 2757 656 2811 Burm-
673 2778 687 2820 ς
712 2757 939 2827 alioquin
956 2778 1064 2813 non
1079 2779 1367 2814 commen-

352 2833 518 2889 dasset
541 2835 662 2889 lect.
680 2842 932 2902 palentia.

414 2912 528 2967 338.
560 2916 722 2974 Voce,
755 2915 946 2968 sonitu.
973 2918 1105 2972 Vos.
1135 2924 1195 2968 ut
1213 2924 1366 2988 φωνῆ,

353 2992 523 3045 omnis
545 3011 708 3046 sonus
732 3013 746 3046 :
770 2993 888 3047 vide
916 2995 1097 3048 Burm.
1121 2994 1204 3047 De
1230 2995 1370 3048 buc-

354 3069 468 3122 cina
499 3071 662 3124 etiam
680 3070 828 3142 Virg.
852 3069 1063 3125 AEneid.
1082 3073 1190 3126 VII
1210 3112 1224 3138 ‚
1254 3075 1366 3145 519.

355 3174 423 3186 -
442 3148 539 3200 Sab
558 3155 764 3217 utroque
779 3160 875 3202 etc.
894 3190 909 3217 ,
935 3149 1086 3203 litora
1100 3149 1371 3205 orientalia

358 3234 414 3277 et
430 3205 636 3280 ociiden
644 3227 780 3280 talia.
796 3256 858 3267 -
874 3231 1128 3281 Jacenle‘a.
1156 3230 1262 3282 Pro
1272 3229 1372 3294 ja-

356 3309 526 3355 centia
547 3304 652 3357 duo
672 3344 688 3370 ,
727 3309 974 3372 Ialeaele'a5
1011 3305 1152 3360 unde
1184 3307 1369 3360 Burm.

356 3399 495 3434 com.
526 3389 794 3449 palentia,
835 3383 975 3454 quod
1003 3385 1135 3438 bene
1169 3384 1373 3439 dicatur

356 3457 421 3513 de
450 3462 600 3514 terris
623 3473 777 3515 antea
800 3481 934 3531 aqua
959 3463 1119 3516 tectis.

419 3537 533 3610 339.
570 3540 792 3592 Made'da
818 3550 914 3592 etc.
938 3539 1198 3610 Graphice
1225 3538 1376 3592 addi-

355 3625 488 3682 tum,
503 3636 734 3686 quorum
745 3618 902 3671 barba
917 3620 1139 3672 rorabat.
1154 3617 1372 3671 Utrum·

356 3713 458 3763 que
478 3694 673 3748 dicitur
690 3735 706 3762 ,
735 3716 914 3749 canere
929 3702 1172 3765 receptui.
1212 3705 1265 3748 et
1282 3715 1373 3748 re-

355 3779 549 3839 ceptum
564 3813 578 3836 ‚
603 3785 691 3828 aut
703 3783 942 3841 receptas.
961 3802 1026 3815 —
1043 3778 1295 3838 δυσκαῆ,
1316 3773 1373 3830 in

355 3869 516 3905 suum
539 3850 710 3905 locum
739 3852 914 3906 redire
939 3854 1122 3923 coegit.

420 3929 537 3996 343.
561 3932 682 3982 Jaem
705 3951 842 3984 mare
857 3941 953 3985 etc.
980 3932 1083 3985 Hic
1105 3932 1248 3985 locus
1268 3931 1374 3985 lau-

356 4004 477 4059 dem
504 4019 746 4078 meretur
771 4028 799 4061 a
832 4009 1083 4062 brevitate
1103 4048 1119 4075 ,
1158 4028 1274 4077 quae
1298 4009 1374 4063 rei

356 4085 681 4139 celeritatem
700 4086 836 4140 bene
856 4088 1115 4156 exprimit.
1133 4086 1198 4139 Ei
1217 4087 1375 4141 etiam

359 4161 754 4216 accommodata
772 4163 1021 4218 orationis
1038 4165 1206 4217 forma
1220 4204 1236 4230 ,
1261 4183 1377 4233 quae

356 4237 606 4294 brevibus
626 4239 880 4295 membris
890 4252 1106 4296 constat.
1118 4269 1181 4282 -
1193 4244 1379 4296 Plenas

1461 2063 1603 2124 capit
1621 2068 1719 2112 etc.
1741 2057 1910 2126 Aquae
1929 2056 2001 2107 ita
2021 2053 2360 2107 decreverant
2378 2090 2393 2117 ‚
2416 2061 2477 2103 ut

1463 2136 1594 2188 alvei
1623 2137 1731 2203 iam
1746 2140 1952 2203 plenos,
1992 2133 2222 2201 integros
2244 2169 2261 2197 ,
2290 2129 2477 2181 fluvios

1462 2212 1590 2282 ripis
1614 2212 1717 2265 suis
1749 2212 2021 2264 continere
2044 2217 2271 2279 possent.
2309 2206 2476 2275 Scep-

1464 2290 1575 2360 peri
1614 2290 1972 2358 conjecturam
1999 2324 2015 2352 ,
2054 2289 2241 2354 planos
2263 2324 2277 2345 ,
2336 2294 2477 2336 recte

1463 2367 1725 2437 improbat
1750 2366 1962 2427 Burm.;
1978 2362 2068 2417 sed
2087 2382 2186 2417 nec
2201 2362 2359 2432 ipsius
2381 2361 2480 2413 in·-

1464 2444 1770 2517 terpretatio
1791 2442 1845 2497 h.
1867 2442 1900 2494 Ι.
1923 2441 2201 2495 convenit:
2227 2461 2253 2486 ι
2270 2438 2478 2492 redacta

1463 2524 1604 2577 intra
1639 2523 1775 2591 ripas
1810 2520 2070 2586 flumina,
2113 2529 2290 2573 tamen
2328 2516 2481 2587 plena

1463 2605 1683 2657 suerunt
1701 2642 1715 2668 ‚
1735 2620 1844 2654 non
1868 2601 2136 2654 exsiccata.
2149 2619 2176 2645 υ
2198 2625 2269 2637 -
2283 2597 2482 2649 Plenos.

1464 2680 1712 2750 Scepper.
1731 2679 1870 2747 conj.
1883 2681 2085 2745 planos.

1531 2758 1898 2826 sam-lumina,
1917 2752 2138 2807 omnino
2154 2767 2383 2819 aqum—-
2393 2751 2484 2804 Vi-

1461 2840 1664 2899 dentur,
1679 2834 2262 2899 ceronatam—Surgen-
2272 2830 2483 2900 elegan-

1465 2926 1548 2970 ter
1562 2915 1670 2968 drr.
1686 2934 1801 2984 qua
1817 2954 1832 2980 ‚
1857 2909 2245 2967 subsidentibus
2263 2908 2324 2961 iis
2340 2948 2355 2974 ‚
2373 2907 2481 2978 qui·

1460 2994 1559 3047 bus
1573 2992 1742 3046 adbuc
1761 3002 1895 3046 tecta
1909 2992 1936 3043 s
1931 2998 2138 3054 nerant,
2155 2985 2378 3055 conspici
2391 2984 2478 3038 in-

1463 3071 1680 3142 cipiunt.
1700 3069 1835 3123 Vide
1852 3087 1949 3121 nos
1963 3065 2027 3120 ad
2047 3065 2183 3119 Plin.
2199 3065 2300 3131 Vl,
2321 3063 2485 3134 Epist.

1468 3166 1596 3216 xvr,
1629 3150 1701 3216 ιζ.
1723 3176 1792 3189 -
1829 3148 2080 3200 Crescunt.
2113 3144 2261 3197 Bene
2285 3141 2442 3197 etiam
2471 3161 2483 3194 ε

1465 3227 1616 3297 plura
1641 3236 1694 3279 et
1727 3225 1977 3295 ampliora
2010 3224 2064 3277 in
2097 3232 2434 3291 conspectum
2465 3259 2480 3286 ,

1465 3305 1750 3378 prodeunt.
1770 3304 1956 3370 Silius,
1982 3305 2118 3372 XV,
2143 3305 2237 3356 215
2258 3341 2273 3369 ,
2300 3299 2365 3353 de
2384 3318 2480 3363 eo,

1467 3385 1560 3454 qui
1581 3384 1792 3454 propius
1814 3382 2008 3437 accedit
2032 3381 2097 3436 ad
2121 3382 2307 3435 urbem
2328 3418 2343 3444 ‚
2373 3381 2483 3430 ad—

1466 3469 1600 3516 moto
1612 3464 1902 3515 crescebant
1906 3464 2125 3513 culmina
2137 3477 2324 3528 gressu.
2338 3454 2486 3510 Con-

1468 3552 1552 3594 tra
1580 3538 1716 3610 apud
1749 3538 1932 3594 Claud.
1959 3554 2138 3591 xxxm
2158 3577 2174 3604 ,
2205 3539 2298 3609 189
2324 3554 2337 3588 ι
2373 3536 2486 3587 To—

1469 3628 1619 3689 taque
1631 3622 1875 3672 decresci!
1884 3617 2056 3687 refugo
2083 3618 2346 3669 Tnhaecn’a
2362 3619 2491 3667 ωζσιι.

1473 3698 1658 3752 Heins.
1684 3696 1910 3750 malebat
1935 3698 2171 3748 namma
2190 3694 2459 3746 subsidunt
2477 3731 2492 3758 ,

1469 3786 1655 3829 contra
1676 3785 1844 3846 poetae
1866 3772 2157 3827 consilium.

1538 3855 1651 3925 347.
1688 3857 1978 3924 humumque
2008 3859 2063 3907 in
2084 3852 2291 3922 fronde.
2330 3847 2497 3905 Obli-

1469 3943 1627 3987 matae
1661 3943 1714 3986 et
1749 3932 2029 3987 luculente
2058 3928 2496 4000 relinquebantur

1470 4011 1684 4065 frondes
1724 4012 1972 4065 arborum
1994 4050 2010 4078 ,
2049 4019 2264 4080 propter
2301 4020 2494 4070 aquam

1471 4109 1566 4160 per
1588 4089 1872 4143 alluviones
1904 4086 2195 4142 necessario
2225 4079 2493 4135 turbatam

1468 4166 1837 4236 soedatamque.
1855 4163 2234 4218 Ede-Funde.
2252 4157 2496 4212 maden

1473 4244 1612 4298 Rod.
1635 4263 1744 4296 non
1770 4242 1992 4296 debebat
2014 4238 2081 4292 de
2104 4236 2237 4291 foliis
2271 4254 2456 4305 capere
2476 4274 2492 4304 ,
