2975 4784
668 340 1709 414 METAMORPHOSEON
1765 342 1957 413 LIB.
2018 342 2077 410 1.

2357 346 2442 437 95

320 519 355 553 2»
395 488 572 563 Ossa
602 513 764 561 reor
792 484 924 559 dici
952 514 968 558 :
1000 484 1212 583 jacere
1246 482 1372 557 hos
1406 500 1567 583 post
1600 499 1780 578 terga
1808 481 2144 581 jubemur.
2179 516 2215 549 »ι

315 602 639 703 Conjugis
672 600 956 695 augurio
994 627 1371 700 quanquam
1406 596 1672 672 Titania
1701 614 1882 671 mota
1917 615 2058 686 est,

2345 621 2445 690 395

314 719 479 819 Spes
516 734 734 791 tamen
769 715 839 788 in
877 715 1088 789 dubio
1124 732 1264 802 est;
1303 713 1466 790 adeo
1494 711 1866 788 caelestibus
1898 713 2093 788 ambo

314 831 651 907 Diffidam
681 829 995 905 monitis!
1035 829 1167 904 Sed
1198 829 1362 931 quid
1400 846 1653 904 tentare
1686 827 2010 903 nocebit?

311 946 718 1034 Discedunt,
751 944 1104 1046 velantque
1139 963 1378 1047 capnt,
1418 944 1809 1045 tunicasque
1849 945 2237 1042 recingunt3

310 1066 400 1138 Et
424 1064 652 1163 jussos
685 1060 939 1163 lapides
971 1089 1088 1136 sua
1115 1078 1276 1162 post
1308 1062 1589 1157 vestigia
1612 1060 1909 1135 mittunt.

313 1181 519 1269 Saxa,
559 1179 761 1279 (quis
795 1177 926 1251 hoc
961 1177 1217 1266 credat,
1252 1177 1385 1252 nisi
1419 1177 1508 1251 sit
1538 1205 1664 1278 pro
1703 1193 1870 1250 teste
1902 1177 2282 1277 vetustas?)
2346 1199 2445 1267 400

311 1295 571 1368 Ponere
609 1292 921 1366 duritiem
959 1320 1211 1394 coepere
1249 1319 1580 1393 suumque
1612 1291 1895 1388 rigorem
1920 1347 1940 1378 ‚

310 1410 705 1511 Mollirique
748 1438 972 1498 mora,
1025 1406 1419 1509 mollitaque
1454 1407 1692 1482 ducere
1717 1407 2016 1483 formam.

314 1528 520 1615 Mox,
558 1524 680 1598 ubi
714 1541 1063 1598 creverunt
1083 1579 1102 1611 ,
1137 1540 1505 1624 naturaque
1538 1523 1771 1597 mitior
1801 1522 1934 1597 illis

315 1642 655 1738 Contigit,
689 1657 767 1713 ut
800 1638 1098 1741 quaedam
1120 1695 1139 1727 ,
1178 1639 1273 1712 sic
1306 1668 1446 1712 non
1483 1637 1861 1727 manifesta,
1894 1639 2099 1714 videri

313 1759 561 1832 Forma
592 1772 814 1858 potest
844 1754 1176 1841 hominnm
1212 1752 1329 1828 sed
1357 1754 1458 1828 uti
1491 1753 1574 1827 de
1605 1783 1931 1829 marmore
1966 1767 2187 1857 coepto

2349 1779 2451 1847 ω

315 1875 469 1947 Non
508 1890 731 1946 exacta
765 1872 963 1958 satis,
998 1863 1414 1972 rudibusque
1450 1868 1781 1944 simillima
1817 1870 2044 1966 signis.

321 1988 487 2084 Qnae
523 2004 742 2060 tamen
777 2014 857 2059 ex
893 1984 1028 2058 illis
1062 1984 1288 2086 aliquo
1322 2013 1479 2086 pars
1511 1984 1785 2059 humida
1810 2013 2006 2060 succo
2026 2042 2046 2073 ‚

321 2105 412 2175 Et
440 2120 693 2176 terrena
726 2100 891 2190 fuit,
924 2129 1110 2174 versa
1145 2118 1247 2174 est
1280 2101 1351 2174 in
1384 2100 1688 2202 corporis
1720 2129 1916 2174 usum
1949 2131 1965 2173 ε

326 2216 535 2314 Quod
562 2216 845 2292 solidum
882 2232 1023 2303 est,
1061 2215 1367 2317 flectique
1401 2215 1641 2317 nequit
1661 2271 1681 2304 ‚
1712 2232 2012 2288 mutatur
2044 2215 2115 2288 in
2149 2244 2299 2289 ossa
2328 2246 2342 2289 :

318 2414 390 2469 let
414 2413 652 2482 analogia
674 2413 729 2467 in
765 2413 912 2467 venis
934 2423 1089 2467 terre
1113 2412 1180 2467 de
1206 2431 1340 2481 aqua

321 2504 371 2547 et
394 2491 635 2546 metallis.
662 2493 762 2544 Ed.

376 2571 491 2643 395.
512 2572 797 2638 Augurium
812 2611 825 2632 ,
842 2568 1209 2638 interpretatio
1223 2585 1339 2621 ora·

317 2650 432 2704 tuli.
444 2649 533 2703 Sic
547 2660 604 2703 et
618 2648 759 2719 apud
775 2646 889 2702 Cic.
907 2646 970 2701 ad
987 2647 1204 2702 Div.v1
1223 2688 1239 2716 ,
1260 2663 1339 2700 vl.

318 2730 608 2788 -Μσπῆιῖς,
614 2726 837 2779 oraculis
854 2745 867 2778 2
878 2744 1005 2778 nam
1019 2745 1215 2778 monete
1225 2727 1341 2794 [ἔκ-0·

320 2807 425 2875 prie
449 2806 516 2859 de
538 2805 965 2859 divinationibus.
991 2804 1128 2859 Vide
1152 2805 1339 2859 Heius.

321 2884 381 2938 ad
406 2886 547 2941 XIII
568 2925 584 2950 ,
612 2885 727 2937 216.
761 2910 826 2926 ·—
853 2885 1076 2937 Tilamia.
1100 2884 1337 2957 Pyrrha,

323 2962 482 3032 Iapeti
507 2962 717 3016 Titanis
740 2962 927 3032 neptis.
952 2963 1054 3014 Ed.

386 3043 496 3114 397.
538 3044 770 3096 Nocebe‘t.
796 3040 967 3096 codd.
1002 3041 1134 3109 Reg.
1168 3043 1302 3095 8000
1322 3080 1339 3109 ,

323 3123 549 3173 nocebat.

391 3196 502 3268 398.
516 3198 819 3259 Discedunt.
833 3196 1022 3250 Heins.
1035 3216 1096 3249 ex
1107 3196 1342 3251 Florent.

321 3274 498 3344 primo
521 3275 683 3328 Palat.
709 3284 763 3329 et
791 3275 901 3329 aliis
935 3283 1164 3344 quatuor
1181 3314 1197 3341 ‚
1231 3277 1345 3328 De·-

320 3355 582 3406 scendunl.
612 3353 729 3423 Ego
754 3371 880 3405 vero
895 3352 1132 3405 revocavi
1157 3354 1344 3406 Βίην·

320 3433 477 3492 dnum·
506 3430 707 3483 etenim
727 3429 793 3483 de
815 3428 1073 3483 industria
1091 3440 1245 3500 poeta
1260 3428 1346 3482 hie

318 3509 512 3579 repetit
547 3510 659 3579 ipsa
701 3509 981 3564 Themidis
1015 3511 1173 3564 verba
1211 3529 1342 3563 vers.

320 3587 413 3640 381
439 3607 554 3656 sqq.

387 3667 505 3731 400.
543 3667 801 3729 Vetusta,
828 3666 994 3737 gravis
1016 3666 1162 3720 testis
1180 3665 1348 3719 Vete-

315 3741 652 3797 ribnstFast.
679 3739 762 3798 lv
779 3784 793 3810 ‚
824 3743 937 3797 203.
958 3742 1185 3814 Quintil.
1216 3743 1345 3797 Inst.

320 3818 434 3872 xl!
455 3859 470 3886 ,
511 3837 567 3873 tv
586 3862 600 3887 ,
626 3843 655 3874 α
683 3862 698 3888 ,
737 3832 925 3875 monet
946 3832 1219 3891 poetarum
1246 3820 1347 3892 fng-

314 3907 506 3950 menta
526 3902 914 3969 oemlalessrfide
930 3907 1041 3953 tuta
1062 3918 1186 3953 esse.
1212 3899 1344 3953 Inde

312 3974 521 4044 pendet
533 3977 709 4030 omnis
722 3977 1060 4049 mythologia.
1081 3977 1251 4030 Locus
1267 3996 1347 4030 se-

314 4071 485 4121 quens
523 4053 855 4124 loquacitatis
889 4055 1015 4109 vitio
1048 4073 1226 4107 rursus
1258 4053 1346 4107 la—

310 4131 467 4185 borat
489 4151 502 4186 z
525 4151 647 4187 saxa
670 4144 879 4202 ponunt
901 4133 1153 4187 duritiem
1173 4173 1187 4200 ,
1214 4132 1344 4186 mol·

1434 2412 1641 2468 liuntur
1658 2452 1674 2480 ,
1717 2410 1918 2468 mollita
1959 2410 2160 2466 ducunt
2194 2412 2418 2468 formam
2435 2455 2453 2483 ‚

1434 2501 1679 2546 crescunt
1697 2532 1712 2558 ‚
1739 2492 1877 2546 fiunt
1900 2490 2109 2544 mitiora
2129 2531 2145 2558 ‚
2178 2489 2355 2544 denno
2380 2513 2457 2547 ac-

1435 2572 1638 2642 cipiunt
1658 2573 1917 2634 sormam;
1943 2570 2032 2625 aed
2054 2571 2328 2625 obscuram
2346 2582 2456 2626 tan·

1436 2660 1552 2703 tum
1574 2690 1589 2716 ‚
1631 2669 1730 2704 nec
1756 2650 1927 2704 adhuc
1951 2649 2280 2702 manifestam
2300 2689 2315 2716 ,
2357 2671 2458 2706 nec

1437 2738 1699 2795 exactam,
1726 2739 1823 2782 etc.
1853 2730 2084 2782 Remota
2115 2726 2200 2782 illa
2222 2728 2456 2797 loquaci-

1436 2813 1542 2857 tate
1550 2844 1565 2870 ‚
1583 2805 1903 2874 comparatio
1914 2823 2036 2858 cum
2051 2823 2294 2860 marmore
2306 2813 2459 2873 cepto

1437 2885 1715 2955 probabilis
1726 2895 1819 2940 est.
1828 2887 2063 2950 -Μονα,
2082 2885 2428 2940 diuturnitate
2444 2904 2457 2937 :

1437 2964 1885 3019 vid.Freiusbem.
1907 2963 2023 3017 lud.
2043 2962 2247 3017 monh.
2263 2984 2310 3016 v.
2328 2964 2458 3018 Mox

1437 3060 1571 3094 vers.
1604 3044 1695 3108 4²¹
1728 3082 1744 3108 ‚
1791 3042 1865 3095 sic
1902 3051 1981 3096 est
2013 3046 2252 3096 morando
2280 3045 2458 3100 ducere

1424 3119 1651 3188 sormam
1677 3129 1736 3172 ut
1760 3123 1935 3174 ducere
1954 3122 2164 3172 colorem
2188 3131 2241 3173 et
2263 3121 2373 3174 alia.

1508 3200 1574 3263 4ο
1583 3218 1600 3249 ι
1612 3237 1623 3248 .
1633 3199 1898 3250 Dun‘lt’em.
1912 3194 2044 3250 Obr.
2058 3194 2193 3250 Cod.
2203 3201 2456 3252 damviam.

1507 3277 1622 3342 405.
1654 3275 1832 3339 Copto,
1857 3273 1993 3326 Cod.
2017 3274 2234 3330 Obrect.
2261 3280 2456 3346 Coepla.

1439 3351 1577 3406 Item
1605 3351 1742 3404 Cod.
1769 3353 1898 3423 Reg.
1922 3353 2071 3406 8000.

1505 3429 1622 3498 406.
1664 3430 1780 3483 Non
1801 3438 1990 3485 exacta
2020 3436 2168 3486 solete.
2204 3431 2422 3486 Exculta
2438 3472 2456 3500 ,

1388 3565 1399 3574 ,
1440 3512 1685 3581 perfecta.
1710 3512 1811 3562 Ed.
1845 3540 1911 3551 —
1938 3515 2115 3565 Rudeia
2145 3517 2296 3579 ,τίμα
2324 3532 2457 3583 po,-

1440 3599 1565 3642 sunt
1605 3608 1713 3641 esse
1745 3588 1985 3642 nondum
2027 3590 2289 3643 elaborata
2321 3592 2459 3645 satia.

1441 3665 1550 3721 Sed
1573 3705 1588 3732 ,
1615 3684 1683 3719 ne
1705 3664 1848 3720 idem
1878 3677 1959 3720 ter
1984 3666 2121 3720 dicat
2138 3706 2152 3731 ,
2176 3686 2288 3720 non
2321 3666 2458 3720 male

1441 3744 1587 3802 rudis
1612 3744 1932 3814 antiquitatis
1954 3747 2098 3815 signa
2123 3745 2393 3816 intelliges.

1509 3826 1624 3889 408.
1654 3824 1899 3896 Corporis.
1923 3825 2113 3889 Corpus
2135 3843 2278 3877 nunc
2303 3842 2424 3877 caro
2441 3862 2457 3890 ,

1444 3910 1503 3954 ut
1529 3899 1641 3968 lv,
1667 3899 1762 3968 443
1778 3942 1791 3962 ,
1820 3911 1874 3954 et
1888 3906 1943 3954 1’12
1965 3908 2183 3970 corporis
2201 3921 2343 3954 usum
2359 3940 2371 3958 .
2402 3900 2460 3951 in

1442 3979 1743 4049 corpustsic
1768 3979 1906 4033 vm
1924 4020 1939 4047 ,
1977 3981 2073 4046 246
2090 4022 2102 4042 ,
2137 3998 2281 4032 serre
2304 3994 2425 4028 usus
2440 3992 2461 4040 ,-

1440 4055 1594 4126 Virg.
1617 4055 1812 4128 Georg.
1849 4057 1902 4111 Π
1925 4096 1940 4123 ,
1975 4057 2073 4122 466
2095 4096 2110 4122 ,
2145 4073 2266 4107 usus
2301 4054 2459 4116 olive}

1444 4134 1635 4187 Horat.
1661 4135 1744 4189 111
1763 4174 1780 4201 ,
1808 4134 1950 4188 Od.1
1971 4171 1986 4199 ,
2018 4138 2079 4198 4²
2098 4171 2112 4197 ‚
2131 4145 2461 4197 purpurarum
