2975 4784
548 347 701 455 154'

1089 370 1167 435 P.
1217 368 1572 439 OVIDII
1617 367 2073 436 NASONIS

536 513 708 584 Tum
739 510 1024 612 primum
1062 509 1263 584 radiis
1296 508 1498 606 gelidi
1531 487 1785 584 caluere
1818 510 2103 584 Triones
2124 565 2144 598 ‚

534 635 627 708 Et
655 634 858 707 vetito
890 633 1136 708 frustra
1170 651 1510 708 tentarunt
1540 662 1798 735 aequore
1829 634 2063 728 tingui.

535 756 831 858 Quaque
857 756 1015 857 polo
1044 757 1263 858 posita
1298 774 1398 830 est
1434 755 1688 851 glaciali
1728 756 2032 858 proxima
2067 783 2367 857 serpem,

532 879 802 972 Frigore
837 879 1025 979 pigra
1054 880 1241 980 prius
1262 935 1279 966 ,
1315 875 1437 953 nec
1469 877 1909 952 formidabilis
1943 877 2104 966 ulli,

532 999 847 1089 Incaluit3
883 1002 1249 1103 sumsitque
1279 1003 1483 1075 novas
1512 1000 1885 1075 fervoribus
1924 1001 2074 1073 iras.

2563 1023 2656 1092 175

530 1122 627 1195 Te
661 1151 926 1224 quoque
961 1124 1301 1198 turbatum
1332 1142 1704 1198 memorant
1734 1121 1981 1219 fugisse
2000 1179 2019 1210 ‚
2051 1123 2268 1195 Boote
2289 1177 2309 1208 ‚

534 1245 852 1341 Quamvis
888 1247 1113 1321 tardus
1146 1275 1323 1335 eras,
1354 1263 1421 1321 et
1454 1264 1516 1321 te
1551 1264 1661 1320 tua
1694 1246 1990 1347 plaustra
2026 1245 2355 1370 tenebant.

470 1510 481 1522 .
597 1486 705 1536 ¹7¹·
739 1469 864 1520 Tm
875 1472 1087 1535 primunr
1109 1477 1207 1521 etc.
1234 1439 1340 1521 Hic
1361 1485 1541 1522 versus

524 1545 594 1597 ita
630 1544 859 1615 legitur
846 1566 899 1599 ιιι
939 1557 1120 1600 nostro
1161 1546 1297 1602 cod.
1333 1549 1398 1602 R.
1435 1547 1536 1603 Α.·

523 1622 657 1672 Solts
667 1629 769 1673 lum
785 1624 948 1674 radies
958 1626 1123 1690 gelide
1126 1627 1378 1676 incaluere
1403 1627 1538 1676 Trio·

522 1716 628 1749 nes.
651 1725 717 1736 —
748 1700 954 1750 Triones
968 1738 983 1764 ‚
1016 1710 1217 1769 septem
1238 1700 1396 1753 stellae
1419 1700 1536 1753 cla-

523 1771 737 1826 tissime
753 1773 807 1825 in
824 1773 962 1826 Ursa
982 1775 1200 1842 majore,
1224 1794 1351 1844 quas
1363 1774 1534 1829 Graeci

523 1852 707 1918 ἅμαξαν
726 1889 742 1917 ,
787 1851 1075 1920 plaustrum
1093 1892 1109 1918 ‚
1143 1853 1315 1906 Latini
1348 1860 1535 1920 septem

521 1933 708 1981 triones
718 1927 934 1982 dixer-un
940 1939 979 1995 t,
990 1929 1111 1999 quia
1125 1929 1251 1982 olim
1259 1931 1355 1983 sub
1368 1930 1533 2000 plaus-

522 2007 591 2058 tri
609 2046 623 2073 ,
662 2017 753 2060 aut
774 2017 974 2077 septem
999 2008 1160 2061 boum
1176 2047 1191 2073 ‚
1217 2009 1343 2078 iugo
1367 2010 1532 2077 junc-

526 2094 724 2150 torum,
745 2086 914 2156 specie
939 2084 1539 2156 comprehendebantur.

534 2164 743 2216 Triones
783 2165 957 2219 vocab.
992 2165 1247 2218 rusticum
1292 2176 1345 2219 et
1390 2165 1541 2219 anti-

523 2262 687 2311 quum
707 2283 723 2311 ,
766 2262 873 2313 quo
907 2244 1035 2298 olim
1073 2245 1232 2299 boves
1266 2244 1539 2315 significa-

520 2320 752 2375 bantur:
781 2323 977 2394 Hygia.
1010 2323 1071 2377 P.
1096 2324 1161 2376 A.
1189 2324 1244 2377 11
1268 2363 1284 2389 ,
1312 2345 1378 2386 εις
1419 2321 1540 2376 Gel-

523 2398 654 2466 lius,
700 2401 765 2454 N.
795 2400 861 2453 A.
896 2401 985 2467 11,
1012 2421 1091 2454 ιι.
1131 2401 1203 2455 Η.
1228 2402 1260 2455 l.
1286 2410 1535 2470 utmpe,

520 2478 829 2549 intelligitur
863 2478 1002 2533 Ursa
1033 2480 1206 2549 major
1247 2489 1302 2534 et
1344 2480 1535 2534 minor.

521 2556 705 2627 Vix-gil.
721 2556 847 2612 AEn.
869 2557 920 2623 1,
955 2559 1076 2628 744,
1097 2562 1291 2625 gemin·
1315 2560 1534 2611 Tn'oaees.

522 2636 596 2689 Hi
613 2676 629 2702 ‚
667 2637 919 2707 quoniam
944 2637 1095 2707 polus
1113 2635 1535 2706 septentrionalis

522 2733 679 2783 supra
718 2713 989 2768 finitorem
1027 2724 1266 2768 noetrum
1307 2713 1536 2768 elevatus

519 2801 626 2858 eet,
652 2809 929 2860 nunquam
952 2790 1230 2856 occidunt,
1268 2799 1389 2854 aut,
1410 2808 1534 2842 ser-

516 2890 677 2925 mone
732 2872 937 2942 poetico
955 2911 971 2939 ,
1020 2887 1299 2938 nunquam
1342 2888 1537 2937 equore

516 2955 816 3018 imputatur.
845 2952 990 3006 Hinc
1017 2950 1247 3005 suaviter
1269 2948 1452 3018 Virgil.
1466 2948 1534 3001 G.

518 3027 545 3080 Ι
560 3065 575 3092 ,
620 3030 714 3094 246
745 3050 760 3082 ι
793 3032 985 3084 Arctos
1034 3029 1233 3081 Oceani
1263 3033 1535 3080 metuentes

515 3124 707 3174 equore
732 3112 903 3175 Ιίιιῃιί.
952 3106 1060 3164 sed
1090 3108 1282 3161 Noster
1303 3104 1532 3159 fabulam

519 3181 607 3236 hic
621 3183 828 3251 respicit
847 3223 864 3252 ,
890 3205 1051 3255 quam
1065 3204 1190 3239 mox
1203 3183 1438 3238 narrabit
1460 3204 1531 3237 vs.

519 3261 616 3316 528
636 3278 749 3329 sqq.

588 3361 696 3410 ¹7⁴³·
726 3341 890 3392 Vento
899 3360 1103 3410 equore.
1139 3344 1354 3397 Velitum
1367 3360 1538 3410 equor

520 3422 542 3485 (
553 3418 694 3488 quod
717 3416 904 3471 imitati
917 3430 1041 3471 sunt
1059 3418 1245 3472 Claud.
1271 3421 1423 3490 Rapt.
1442 3420 1530 3473 Pr.

519 3494 572 3547 ll
593 3535 604 3554 ‚
634 3495 726 3566 893
757 3504 811 3547 et
830 3492 956 3547 Seu.
976 3494 1121 3547 Med.
1138 3516 1196 3549 vs
1230 3494 1351 3566 758)
1372 3495 1529 3550 Ovid.

518 3571 1133 3628 memorat—Ceterum
1145 3576 1530 3630 anachronismi

516 3669 575 3705 ae
608 3669 761 3704 reum
799 3652 921 3706 fecit
958 3661 1141 3721 poeta,
1176 3653 1316 3721 quod
1353 3674 1415 3708 ea
1445 3653 1532 3708 hic

516 3729 626 3799 jam
649 3725 819 3782 sidera
845 3741 1228 3783 commemorat
1247 3770 1263 3796 ‚
1302 3750 1532 3800 quornm

514 3805 772 3875 originem
826 3805 961 3858 infra
1010 3805 1227 3859 demum
1284 3808 1531 3861 narrabit.

518 3883 718 3954 Cuperi
741 3893 793 3936 et
816 3882 1001 3935 Burm-
1024 3882 1253 3934 rationes
1275 3901 1385 3934 non
1408 3885 1531 3936 sus-

518 3962 706 4026 ficiunt
735 3958 1009 4030 purgando
1031 3967 1214 4027 poeta.
1237 3957 1431 4012 Melius
1452 3972 1530 4014 eat

513 4038 685 4094 dicere
700 4079 715 4105 ,
738 4048 947 4109 poetam
964 4035 1049 4089 hic
1062 4073 1078 4101 ,
1099 4043 1160 4087 ut
1175 4033 1365 4104 passim
1378 4034 1526 4103 alibi,

518 4117 779 4172 miscuisse
795 4134 979 4172 rerum
988 4124 1233 4168 naturam
1249 4122 1304 4167 et
1314 4111 1529 4184 mytho-

1635 1468 1843 1537 logiam.
1866 1494 1933 1508 —·
1962 1468 2158 1533 Τιἰιρί.
2190 1463 2324 1518 cod.
2359 1464 2428 1518 R.
2451 1465 2521 1521 A.
2542 1467 2649 1520 sor·

1636 1546 1737 1600 tius
1761 1556 1815 1598 et
1834 1543 2119 1613 elegantius
2140 1547 2304 1609 mergi.

1706 1624 1811 1692 ¹73·
1835 1623 2057 1687 Serpens.
2092 1620 2175 1673 De
2208 1626 2436 1686 serpente
2456 1619 2559 1674 vid.
2582 1620 2644 1674 ad

1633 1719 1703 1752 vs.
1723 1700 2053 1766 138.—1²13rra
2064 1739 2077 1758 ‚
2093 1698 2214 1767 quia
2228 1695 2373 1751 tarde
2388 1709 2642 1753 movetur.

1701 1796 1721 1829 ι
1732 1779 1807 1847 74.
1825 1779 2189 1844 Frigotepigra.
2200 1775 2489 1845 Serpentes
2502 1777 2643 1830 enim

1631 1873 1796 1923 quum
1821 1855 2014 1924 frigore
2041 1855 2247 1923 rigent,
2284 1872 2492 1907 venena
2522 1865 2643 1907 tor·—

1629 1943 1775 2002 pent;
1763 1931 1899 2000 ·,sed
1912 1933 1999 1985 ubi
2015 1931 2365 1997 incaluerunt
2380 1931 2645 1985 vimsuam

1631 2010 1906 2080 recipiunt.
1921 2009 2058 2064 Vide
2076 2009 2262 2064 Senec.
2286 2008 2452 2080 Epist.
2474 2010 2643 2068 xm.

1634 2086 1995 2179 lpaumsn‘gus
2028 2088 2217 2142 dicitur
2249 2092 2480 2155 pigrum,
2523 2088 2644 2159 quia

1631 2166 1836 2237 pigros,
1870 2165 2047 2221 tardos
2078 2164 2264 2219 reddit.
2290 2166 2496 2219 Verum
2521 2166 2643 2220 talen

1631 2248 1772 2302 lusus
1802 2247 1957 2301 alieni
1978 2255 2102 2300 sunt
2121 2246 2252 2300 tanti
2275 2246 2401 2300 mali
2417 2265 2644 2300 enarra-

1631 2325 1792 2380 tione.

1704 2423 1722 2455 ι
1734 2402 1810 2473 76.
1836 2404 2039 2455 Bootes.
2054 2400 2213 2455 Sidus
2225 2399 2496 2454 stellarum
2511 2400 2644 2456 xlv

1629 2479 1772 2548 juxta
1795 2479 1988 2532 Ursam
2019 2479 2277 2547 majorem
2298 2515 2313 2543 ‚
2359 2498 2522 2547 quam
2549 2498 2643 2533 se-

1631 2555 1811 2624 quitur
1840 2565 1895 2608 et
1917 2555 2076 2609 veluti
2099 2564 2303 2622 servat,
2332 2555 2476 2610 unde
2500 2555 2642 2610 idem

1624 2635 1991 2704 Arctophylax.
2016 2631 2121 2686 Sed
2140 2650 2306 2701 quum
2323 2632 2463 2686 Ursa
2482 2633 2641 2687 etiam

1629 2714 1821 2780 ἅμαξα,
1838 2715 2152 2778 planstrum,
2190 2722 2493 2776 vocaretur,
2531 2712 2644 2781 pla·

1627 2790 1736 2843 cuit
1767 2789 1961 2844 Grecis
1988 2789 2108 2843 huic
2134 2808 2342 2858 quoque
2372 2788 2532 2843 sideri
2558 2790 2645 2843 vi-

1628 2867 1780 2934 cino,
1815 2886 2014 2922 nomen
2061 2867 2132 2920 illi
2183 2867 2643 2922 accommodatum

1627 2947 1926 3016 imponere,
1946 2945 2088 3000 unde
2108 2949 2321 3008 Bootes,
2349 2946 2383 2999 i.
2407 2965 2452 3000 e.
2474 2946 2642 3002 boum

1625 3009 1922 3096 impulsor,
1969 3025 2258 3080 bubulcus.
2283 3025 2399 3080 vide
2438 3027 2642 3100 Hygin.

1629 3102 1695 3156 A.
1720 3103 1781 3156 Ρ.
1805 3103 1894 3169 11,
1935 3105 1979 3169 4.
2009 3105 2241 3171 Isvero,
2266 3106 2641 3176 quumetipae

1625 3182 1774 3236 tarde
1798 3195 2090 3250 moveatur,
2110 3203 2139 3237 a
2162 3183 2403 3238 Juvenal.
2429 3183 2542 3240 Sat.
2570 3186 2640 3252 V,

1628 3265 1721 3332 23,
1763 3274 1818 3318 et
1856 3284 1898 3317 a.
1923 3266 2118 3319 Nostro
2160 3265 2242 3319 111
2282 3265 2420 3320 Fast.
2446 3305 2462 3333 ,
2507 3271 2638 3335 405,

1616 3350 1765 3411 piger
1793 3354 2042 3405 vocatum
2073 3342 2125 3397 h.
2166 3342 2198 3398 l.
2237 3345 2416 3397 tardus
2431 3384 2446 3404 .
2497 3344 2642 3415 quod

1625 3420 1896 3490 epitheton
1929 3420 2065 3475 bene
2086 3421 2335 3475 convenit
2365 3422 2639 3488 bubulcis,

1625 3499 1716 3567 qui
1740 3509 1954 3569 propter
1967 3498 2127 3551 boum
2145 3497 2445 3553 tarditatem
2469 3511 2526 3554 et
2545 3501 2641 3571 ipsi

1626 3575 1760 3628 tardi
1782 3585 1921 3630 sunt.
1936 3574 2119 3646 Virgil.
2147 3575 2257 3632 Ecl.
2283 3577 2362 3641 Χ,
2395 3596 2483 3648 19,
2503 3580 2650 3631 lardi

1623 3672 1799 3706 venere
1832 3656 2044 3706 bubulci.
2090 3651 2173 3708 Cs.
2222 3654 2447 3722 Propert
2510 3654 2596 3709 111
2622 3694 2638 3721 ,

1626 3727 1771 3799 Eleg.
1796 3746 1863 3782 ιιι
1886 3768 1900 3795 ,
1945 3732 2025 3799 57.
2050 3757 2116 3770 —
2144 3731 2412 3783 Turbatam
2431 3741 2566 3785 testu
2586 3741 2641 3784 et

1625 3806 1871 3876 adspectu
1896 3806 2016 3860 solis
2046 3807 2214 3861 vicini.

1696 3904 1802 3955 ¹77·
1843 3887 2111 3940 Tenc-bant.
2146 3884 2311 3939 MSS.
2350 3885 2597 3940 nonnulli
2622 3926 2638 3953 ,

1614 3964 1852 4029 plaustra
1868 3966 2144 4018 trahebant.
2164 3991 2232 4003 -
2253 3966 2303 4016 T
2293 3967 2512 4017 cneban!
2523 4004 2536 4024 ‚
2557 3985 2642 4018 re·

1624 4038 1894 4105 tinebant,
1934 4041 2308 4106 morabantur,
2346 4061 2454 4110 quo
2481 4061 2640 4096 sensu

1624 4124 1786 4172 tenere
1807 4118 1942 4188 apud
1968 4118 2080 4174 Cic.
2106 4130 2158 4173 et
2172 4120 2296 4174 alios
2311 4120 2519 4189 passim.
2537 4122 2598 4174 M
2607 4122 2642 4174 i·
