2975 4784
596 410 737 481 DE
783 411 1116 480 OPERE
1162 409 2202 481 METAMORPHOSEON.
2428 412 2467 476 5

347 555 658 657 mythica.
698 556 896 628 Nunc
929 553 1117 628 abest
1169 582 1208 627 a
1257 550 1742 649 gratulantibus
1789 572 1904 629 aut
1955 549 2472 626 condolentibus

348 715 562 773 unus,
602 715 801 787 quem
837 715 957 761 sua
986 685 1120 761 sata
1152 685 1532 761 retinebant
1554 742 1573 774 ,
1614 714 1759 787 quae
1789 687 1882 760 sic
1914 714 2054 760 non
2087 683 2254 760 male
2306 683 2477 758 rese-

350 837 626 903 runtur;
664 847 845 893 nunc
880 848 917 891 a
946 820 1120 893 sacto
1150 819 1464 920 propiore
1497 835 1840 892 renarrant
1862 816 2086 919 priora
2116 817 2199 905 ii,
2230 816 2345 918 qni
2375 815 2474 889 rei

352 969 552 1046 gestae
582 950 1038 1026 interfuerant.
1069 948 1412 1024 Interdum
1445 950 1784 1024 sententiae
1816 949 2222 1049 interposita!
2245 948 2328 1022 ad
2349 946 2475 1023 alia

351 1109 476 1155 nos
515 1080 807 1168 ducunt;
863 1104 1061 1183 quam
1109 1100 1326 1157 tamen
1367 1081 1675 1177 fn'gidam
1716 1098 1784 1155 et
1816 1078 2135 1182 puerilem
2183 1079 2473 1155 adsecta-

352 1213 603 1288 tionem
627 1211 915 1310 Quintil.
950 1216 1118 1288 lust.
1146 1216 1263 1302 lv,
1286 1233 1348 1303 1,
1391 1240 1428 1314 7
1447 1240 1473 1286 1
1500 1269 1519 1303 ,
1550 1212 1885 1299 nominat,
1913 1211 2071 1286 licet
2103 1239 2241 1285 non
2277 1229 2480 1306 neget

351 1343 645 1417 excusari
666 1343 985 1418 Ovidium
1009 1343 1424 1431 necessitate,
1449 1345 1585 1418 hoc
1605 1363 1706 1419 est
1727 1342 1871 1441 lege
1891 1399 1911 1431 ,
1943 1371 2142 1446 qnam
2165 1342 2307 1442 ipse
2341 1341 2472 1416 sibi

349 1474 843 1574 praescripserit.
900 1476 1083 1548 Loco
1117 1475 1457 1549 sententiae
1482 1504 1962 1577 nonnunquam
1997 1458 2190 1578 plura
2222 1503 2303 1549 ex
2333 1473 2473 1548 his-

350 1605 528 1678 toria
558 1623 979 1706 repetuntur,
1017 1634 1302 1706 quorum
1333 1636 1459 1709 ope
1488 1636 1594 1683 res
1629 1606 2079 1682 dissimillimae
2103 1607 2347 1706 junctae
2368 1632 2471 1679 re-

350 1736 724 1836 periuntur,
762 1756 836 1813 ut
871 1739 1182 1815 Herculis
1217 1741 1597 1843 apotheosis
1626 1758 1694 1815 et
1736 1740 2154 1815 Galanthidis
2187 1741 2259 1813 in
2289 1766 2471 1813 mus-

351 1867 541 1944 telam
568 1871 872 1945 mntatio.
910 1872 1090 1946 Raro
1108 1901 1316 1948 nexus
1339 1848 1675 1975 reperitur
1698 1874 1932 1975 parum
1956 1870 2360 1975 probabilis,
2388 1887 2468 1945 ut

350 2002 452 2091 11,
508 2000 654 2075 368
675 2059 695 2092 ,
749 2003 871 2078 ubi
920 2005 1210 2101 Liguria
1270 2034 1383 2081 rex
1436 2006 1679 2101 reginae
1731 2005 2090 2105 AEthiopiae
2145 2002 2466 2098 sangnine

348 2134 613 2232 junctus
642 2154 877 2211 contra
912 2136 1111 2211 fidem
1148 2136 1467 2225 traditur3
1523 2156 1592 2212 et
1611 2140 1779 2211 vm
1802 2194 1820 2226 ,
1866 2136 2007 2228 548
2030 2192 2049 2222 ‚
2086 2137 2156 2209 in
2185 2164 2465 2232 geogra-

356 2266 580 2366 phiam
624 2298 701 2343 eo
750 2271 1030 2346 consilio
1080 2288 1420 2372 peccatum
1457 2288 1597 2356 est,
1647 2268 1806 2342 dum
1828 2268 2090 2341 Theseo
2128 2265 2464 2368 Calydone
2547 2340 2554 2347 ,

346 2398 642 2474 Athenas
674 2401 976 2476 redeunti
1020 2400 1362 2477 Achelous
1390 2400 1631 2475 fluvius
1665 2399 1998 2499 objicitur.
2055 2397 2240 2473 Saltu
2285 2396 2462 2471 sacto

344 2527 431 2619 V,
486 2529 671 2632 572;
717 2533 837 2606 sed
866 2533 977 2605 vix
1005 2531 1167 2608 alibi
1202 2533 1539 2607 transitur.
1588 2534 1836 2606 Verum
1871 2531 2086 2605 omnis
2117 2529 2256 2603 haee
2297 2556 2465 2601 con-

338 2665 531 2739 nexio
560 2663 936 2740 fabularum
964 2663 1204 2739 clarius
1233 2663 1543 2741 elucescit
1567 2693 1602 2738 e
1627 2665 1791 2739 serie
1811 2719 1831 2752 ,
1873 2692 2070 2765 quam
2095 2662 2252 2735 huic
2280 2689 2465 2735 com-

337 2794 730 2869 mentationi
750 2795 1150 2894 subjecimus
1172 2826 1189 2870 ε
1213 2813 1279 2871 et
1297 2825 1515 2897 operae
1533 2796 1822 2899 pretium
1847 2812 1949 2870 est
1965 2794 2035 2868 in
2059 2790 2460 2895 perlegendo

339 2955 532 3030 opere
563 2930 717 3031 ipso
751 2929 837 3004 ad
864 2959 1005 3005 eam
1036 2930 1391 3005 attendere.

434 3064 617 3137 Hinc
648 3062 1016 3151 videamus,
1078 3091 1207 3164 qua
1239 3079 1376 3138 arte
1410 3062 1679 3165 mythos
1714 3062 1807 3137 sic
1841 3088 2048 3136 nexos
2085 3076 2285 3162 poeta
2320 3058 2461 3134 dis-

334 3195 638 3297 posuerit
666 3211 863 3297 atque
891 3197 1319 3270 exornaverit.
1341 3195 1724 3296 Plerisque,
1761 3194 1876 3296 qui
1901 3200 2237 3268 narrantes
2260 3192 2460 3266 indu-

334 3347 614 3417 cuntur,
650 3329 1043 3404 tribuuntur
1076 3357 1221 3431 quae
1259 3331 1563 3433 personis
1592 3356 1821 3404 eorum
1855 3328 2276 3403 conveniunt.
2308 3328 2462 3400 Sce-

326 3457 515 3536 lestae
550 3460 846 3535 Pierides
897 3480 1146 3535 canunt
1179 3489 1323 3563 quae
1351 3462 1538 3535 Deos
1565 3458 1907 3549 dedecent,
1933 3458 2135 3560 impia
2151 3456 2457 3531 Arachne

325 3591 712 3667 eorumdem
759 3591 1010 3688 flagitia
1064 3592 1261 3682 texit;
1301 3591 1710 3692 Minyeides,
1742 3589 1979 3693 puellae
2034 3589 2408 3691 petulantes
2435 3643 2455 3674 ‚

321 3727 669 3802 amoribus
687 3728 1071 3804 enarrandis
1091 3725 1443 3825 indulgent
1463 3758 1482 3819 3
1520 3728 1836 3830 Orpheus
1854 3783 1874 3815 ,
1900 3725 2277 3801 Thracibus
2294 3750 2459 3827 pue-

319 3887 557 3933 rorum
591 3887 881 3934 amorem
918 3860 1499 3935 commendaturus
1519 3915 1539 3949 ,
1589 3859 1671 3935 de
1714 3858 1938 3962 pueris
1990 3857 2169 3932 canit
2222 3884 2259 3929 a
2309 3855 2459 3930 Diis

322 3990 609 4068 dilectis.
634 3993 993 4069 varietatis
1028 4021 1222 4070 causa
1253 3992 1563 4070 nonnulli
1588 4022 1706 4070 sua
1735 3992 1868 4069 fata
1891 3993 2021 4094 ipsi
2043 4006 2347 4076 narrant,
2382 4002 2460 4061 ut

328 4124 669 4202 Arethusa
702 4143 773 4202 et
804 4124 1144 4203 Achelous
1161 4181 1181 4215 ,
1220 4153 1619 4229 quamquam
1661 4126 1774 4200 hic
1815 4125 2046 4200 minus
2076 4116 2418 4195 commode
2443 4171 2464 4205 ‚
