2975 4784
553 320 644 412 96

1124 322 1204 386 P.
1265 321 1621 390 OVIDII
1679 320 2133 391 NASONIS

556 459 760 558 Quod
794 459 997 535 modo
1032 488 1195 536 vena
1225 462 1386 551 fuit,
1421 464 1549 537 sub
1584 464 1817 537 eodem
1847 465 2114 539 nomine
2147 463 2406 539 mansit.

2569 482 2662 552 410

550 579 764 678 Inque
797 578 985 652 brevi
1019 579 1264 680 spatio,
1302 580 1712 681 Superorum
1739 581 2043 667 numine,
2077 609 2230 656 saxa

554 691 767 766 Missa
798 692 922 766 viri
955 695 1263 769 manibus
1293 694 1527 769 faeiem
1562 712 1814 770 traxere
1847 696 2141 770 virilem:

553 809 645 881 Et
678 807 757 882 de
791 808 1075 884 femineo
1111 828 1407 911 reparata
1447 828 1549 885 est
1582 810 1821 885 semina
1849 811 2048 910 jactu.

553 926 718 1000 Inde
754 953 963 1022 genus
1001 925 1241 1000 durum
1272 955 1534 1015 sumus»,
1569 926 2044 1028 experiensque
2075 925 2384 1000 laborum
2407 915 2448 1013 ;’

555 1043 648 1115 Et
677 1039 1075 1115 documenta
1110 1041 1375 1130 damus,
1415 1072 1544 1144 qua
1577 1043 1783 1116 simus
1818 1043 2074 1138 origine
2109 1042 2271 1115 nati.

2574 1059 2667 1129 4ι5

649 1158 767 1230 VI.
825 1158 1060 1232 Cetera
1091 1156 1365 1231 diversis
1402 1158 1597 1233 tellus
1637 1157 1942 1233 animalia
1970 1159 2201 1233 formis

553 1371 705 1416 usus,
739 1352 829 1406 ubi
861 1354 974 1408 Ian.
1010 1352 1112 1407 hoc
1141 1364 1410 1424 comparat
1444 1373 1570 1409 eum

558 1428 731 1484 Grac.
755 1444 933 1507 χρῖμα.

619 1511 733 1575 410.
785 1510 936 1575 Quod
972 1511 1135 1562 modo.
1175 1508 1347 1563 Codd.
1391 1510 1572 1565 Nostri

556 1588 664 1643 duo
676 1630 693 1658 ,
728 1592 850 1656 Qu·
869 1609 1003 1643 vero.
1021 1591 1144 1644 Non
1166 1593 1303 1646 male
1319 1603 1459 1646 certe
1477 1632 1495 1660 ,
1519 1602 1574 1646 et

551 1671 688 1722 sorte
712 1668 1035 1723 concinnius.
1068 1672 1168 1723 Ed.

620 1749 733 1813 411.
758 1747 972 1799 Νεωίιιε
991 1787 1004 1808 ,
1041 1747 1092 1798 vi
1115 1757 1169 1799 et
1192 1747 1441 1815 potentia.
1467 1746 1572 1803 ld-

552 1842 655 1892 que
666 1822 943 1887 efficacius,
957 1842 1117 1891 quam
1129 1823 1348 1876 aliorum
1362 1844 1573 1878 munere.

619 1901 732 1965 4¹²·
767 1900 968 1951 Faciem
1001 1902 1209 1951 Imber-e.
1249 1901 1415 1953 Paulo
1445 1912 1571 1954 ante

537 1974 763 2043 firmam
782 1979 972 2039 ducere,
993 1986 1047 2030 et
1062 1979 1155 2044 421
1169 1975 1366 2044 faciem
1377 1997 1571 2045 capere.

553 2056 635 2109 lta
658 2066 832 2109 autem
852 2058 1291 2128 traherefiguram,
1310 2057 1413 2123 111,
1440 2057 1569 2132 3993

551 2135 790 2196 ruborem,
810 2132 933 2186 ibid.
948 2135 1042 2200 482
1064 2155 1077 2196 ς
1102 2137 1333 2201 colorem,
1352 2132 1425 2200 ΙΙ,
1447 2133 1567 2197 αδδς

552 2213 797 2273 calorem,
825 2210 904 2264 XI
923 2250 940 2276 ‚
969 2210 1084 2264 305.
1102 2239 1169 2252 —
1200 2214 1405 2267 Virilem
1428 2209 1573 2264 dedit

558 2288 745 2342 Heius.
773 2308 833 2341 ex
866 2307 975 2341 uno
1006 2307 1101 2342 suo
1133 2299 1185 2342 et
1211 2308 1319 2342 uno
1356 2287 1572 2343 Mediol.

554 2385 652 2436 pro
691 2372 920 2419 virorum.
969 2365 1103 2420 lbid.
1141 2373 1337 2420 traxere
1362 2383 1382 2431 ,⁶
1435 2385 1575 2420 unus

556 2444 742 2497 Heius.
771 2461 1055 2511 sumpsere-,⁸
1094 2442 1177 2496 alii
1210 2464 1378 2511 cepere
1401 2461 1418 2492 .-
1456 2462 1573 2513 quae

556 2523 736 2575 omnia
768 2521 958 2574 eodem
1001 2519 1243 2574 redeunt.
1291 2549 1357 2561 —-
1393 2521 1574 2576 Nostri

555 2621 765 2673 quoque
805 2599 976 2654 Codd.
1014 2599 1122 2653 duo
1155 2599 1352 2654 habent
1379 2609 1575 2654 traxere

553 2687 786 2733 vti-orum.
1557 2671 1564 2678 ⁸

619 2761 731 2826 414.
766 2760 894 2810 Iade
914 2775 1073 2825 genus
1110 2757 1312 2815 demun,
1351 2753 1511 2808 habet
1542 2774 1572 2808 a

557 2836 742 2907 Virgil.
760 2836 955 2906 Georg.
983 2834 1038 2900 1,
1061 2834 1141 2887 63.
1165 2833 1222 2887 Si
1245 2832 1454 2886 Graeeos
1477 2853 1572 2885 au-

555 2914 728 2968 dimus
748 2956 762 2981 ‚
787 2916 957 2985 ipsum
980 2912 1157 2966 vocab.
1180 2915 1284 2971 λαιός
1304 2930 1332 2964 a
1354 2911 1572 2966 nomine

556 2993 696 3058 λείας,
720 2991 845 3061 lapis
861 3031 875 3058 ‚
896 2990 1075 3044 fluxit:
1100 2987 1216 3042 vide
1236 2988 1485 3041 Muuker.
1510 2986 1574 3040 ad

559 3068 758 3141 Hygin.
796 3070 895 3123 sab.
928 3071 1035 3124 153.
1071 3070 1176 3123 Hic
1198 3068 1339 3121 lusus
1365 3079 1578 3141 etymo-

556 3145 752 3217 logicus
790 3147 1049 3218 originem
1086 3146 1208 3201 huic
1238 3147 1340 3200 sab.
1375 3145 1575 3199 dedisse

557 3223 765 3276 videtui·
784 3262 801 3290 ‚
841 3243 1002 3293 quam
1027 3224 1111 3278 alii
1132 3245 1194 3278 ex
1218 3224 1466 3294 opinione
1490 3223 1577 3277 illa

556 3312 729 3355 ortam
765 3311 984 3371 putant,
1034 3303 1227 3372 priscos
1261 3301 1502 3355 homines
1545 3320 1575 3355 e

554 3381 684 3434 saxis
699 3390 752 3433 et
765 3378 1035 3433 arboribus
1048 3381 1456 3446 autom-Homer.
1467 3377 1575 3435 Od.

557 3468 620 3526 Τ,
657 3460 747 3512 163
767 3499 782 3526 ,
806 3458 895 3511 ubi
927 3458 1044 3511 vide
1074 3457 1249 3512 Clark.
1276 3460 1423 3528 Virg.
1449 3455 1575 3514 AEn.

555 3536 694 3589 vul
716 3576 731 3602 ,
750 3537 864 3589 315.
881 3539 1161 3603 Expere’ens
1179 3541 1428 3599 laborum,
1449 3545 1575 3592 πολυ·

555 3622 774 3685 rufam,
813 3618 907 3688 qui
942 3616 1136 3679 multos
1169 3616 1369 3670 labores
1403 3616 1576 3672 susci-

554 3717 678 3767 pere
705 3709 757 3750 et
783 3698 1004 3752 tolerare
1029 3707 1214 3767 potest.
1244 3696 1312 3750 Et
1338 3697 1574 3767 profecto

558 3776 660 3830 tale
673 3774 864 3828 animal
882 3775 1045 3828 homo
1060 3786 1152 3828 est.
1170 3776 1422 3828 Humana
1431 3775 1576 3827 enim

555 3865 746 3908 natura
770 3873 862 3923 per
895 3853 1163 3921 integrum
1191 3868 1301 3903 non
1328 3868 1448 3903 raro
1481 3870 1577 3904 se-

557 3931 737 3987 culum
757 3971 771 3998 ‚
800 3940 929 3999 quot
954 3947 1216 3998 quamque
1241 3928 1409 3980 varios
1431 3925 1579 3984 labo-

555 4029 640 4066 res
660 4009 871 4064 tolerat!
899 4006 1012 4061 Sub
1026 4006 1175 4058 omni
1199 4004 1343 4071 caelo,
1361 4003 1579 4080 quibus-

555 4092 631 4145 vis
655 4090 915 4146 alimentis
936 4096 1258 4143 sustentatur
1279 4094 1334 4140 et
1348 4083 1509 4154 «viget.

1733 1356 1985 1423 416-451.
2019 1356 2195 1408 Celet-a
2216 1355 2430 1408 debers&
2449 1361 2540 1405 etc.
2563 1348 2669 1402 Hu-

1669 1452 1890 1487 manum
1911 1433 2067 1504 igitur
2086 1452 2252 1503 genus
2265 1453 2294 1487 e
2318 1430 2560 1502 lapidibus
2578 1446 2666 1479 re-

1667 1512 1911 1566 stitutum
1936 1521 2077 1573 eran
2120 1520 2299 1565 cetera
2331 1505 2604 1563 animantia
2638 1520 2665 1554 e

1666 1591 1797 1644 limo
1815 1630 1831 1657 ‚
1853 1590 1972 1644 solis
1993 1601 2117 1643 estu
2136 1590 2413 1656 calefacto,
2438 1582 2668 1658 paulatim

1668 1669 2105 1737 procreabantur,
2140 1667 2195 1719 in
2231 1668 2425 1736 quibus
2454 1663 2666 1735 Pylhon·

1667 1764 1883 1814 serpens
1909 1762 2099 1813 magna
2131 1755 2185 1797 et
2211 1744 2462 1798 terribilis
2479 1781 2494 1808 ,
2525 1753 2668 1808 quam

1669 1822 1856 1887 Apollo
1875 1822 2069 1891 sagittis
2092 1822 2324 1876 conserit
2342 1863 2357 1888 ‚
2393 1822 2446 1873 in
2474 1819 2670 1886 ejusque

1670 1898 1745 1950 rei
1771 1897 2082 1951 memoriam
2110 1898 2258 1952 ludos
2283 1902 2501 1972 Pytheos
2525 1893 2671 1947 insti-

1667 1976 1784 2029 tuit.
1802 1973 1885 2028 Cs.
1903 1976 2126 2029 Homer.
2139 1976 2190 2029 h.
2211 1977 2385 2047 Apoll.
2403 1995 2531 2029 vers.
2549 1972 2666 2030 30⁰3
2740 2027 2746 2036 ‚

1673 2051 1980 2106 Callimach.
2015 2053 2068 2106 h.
2114 2054 2276 2124 Apoll.
2318 2074 2412 2107 roo
2431 2092 2446 2119 ‚
2485 2052 2538 2104 in
2561 2044 2669 2100 Del.

1669 2151 1728 2201 9¹
1749 2152 1763 2193 ς
1787 2129 2028 2200 Apollod.
2048 2131 2292 2185 Bibliotli.
2315 2133 2399 2186 lib.
2427 2131 2481 2196 Ῐ,
2507 2144 2588 2191 Π»
2618 2144 2667 2186 ῑὸ

1672 2208 1873 2280 Hygin.
1896 2209 1996 2263 sab.
2027 2212 2134 2275 140.
2163 2210 2415 2264 Fabulam
2445 2209 2549 2276 iam
2576 2203 2672 2252 Ve-

1670 2296 1808 2339 teres
1827 2288 1966 2342 varie
1991 2288 2314 2356 interpretati
2342 2297 2481 2340 sunt.
2520 2282 2674 2336 Mat-r.

1671 2364 1886 2420 Saturn.
1911 2383 1932 2420 1
1950 2405 1964 2433 ‚
1993 2387 2046 2435 ¹7
2067 2406 2081 2432 ,
2109 2377 2287 2420 censet
2308 2364 2609 2435 Apollinem
2625 2358 2674 2410 in

1670 2445 1840 2515 prima
1878 2445 2019 2497 infan
2029 2446 2094 2496 tia
2129 2443 2352 2496 belluam
2388 2438 2680 2494 confecisse.

1673 2522 1807 2587 Alii,
1826 2532 1883 2574 ut
1902 2519 2288 2590 Ephorusapud
2300 2517 2472 2571 Strab.
2485 2514 2570 2566 lib.
2585 2512 2680 2573 lx,

1671 2611 1860 2671 putant
1874 2598 2172 2671 Pythonem
2190 2597 2341 2650 fuisse
2361 2606 2650 2667 tyrannum
2665 2625 2680 2650 ,

1669 2684 1865 2748 χειλη-ὅν
1881 2682 2047 2751 ἄνδρα,
2069 2680 2353 2738 ἕκικληῦίντα
2371 2680 2420 2729 δι’
2443 2674 2678 2748 Δράκοντα·

1672 2756 1926 2811 Ceterum
1949 2774 2072 2809 cum
2103 2754 2204 2808 hoc
2238 2754 2482 2826 Pythone
2521 2745 2678 2803 Rufi-

1670 2854 1802 2889 num
1835 2845 2100 2904 comparat
2129 2833 2407 2887 Claudian.
2444 2826 2597 2884 Praes.
2625 2824 2677 2874 in

1672 2912 1854 2966 Rufin.
1892 2911 1974 2963 De
1997 2910 2197 2982 origine
2224 2908 2529 2964 animalium
2557 2923 2584 2956 e
2608 2900 2677 2953 li·-

1673 3010 1763 3044 mo
1779 3033 1794 3058 ‚
1823 2994 1875 3044 in
1896 3009 2002 3061 quo
2023 3011 2203 3045 rursus
2224 2992 2461 3061 sequitur
2479 2992 2676 3040 senten·

1674 3069 1799 3122 tiam
1814 3089 1930 3122 eam
1944 3109 1959 3135 ,
1978 3089 2094 3139 quae
2111 3070 2173 3123 ab
2189 3068 2446 3142 AEgyptiis
2462 3063 2525 3118 ad
2537 3059 2675 3114 Grae·

1671 3164 1758 3200 cos
1777 3159 2088 3216 pervenerat
2106 3187 2123 3215 ,
2138 3147 2255 3200 vide
2275 3144 2433 3200 Diod.
2450 3141 2552 3196 Sic.
2568 3147 2603 3189 t.
2625 3132 2673 3223 J·

1673 3245 1722 3296 p.
1753 3245 1771 3278 ι
1788 3247 1826 3278 1.
1851 3226 1952 3281 His
1971 3226 2114 3279 enim
2139 3243 2444 3297 persuasum
2467 3228 2603 3280 erat»
2625 3228 2676 3263 ²¹¹

1671 3303 1928 3374 principio
1947 3323 2126 3357 rerum
2144 3303 2323 3356 omnia
2339 3293 2677 3381 animantium

1673 3401 1866 3452 genera
1880 3383 1951 3436 sic
1963 3420 1980 3448 ,
1997 3394 2055 3435 ut
2068 3381 2153 3434 hic
2164 3380 2502 3443 describitur,
2519 3393 2547 3426 e
2561 3370 2677 3421 '¹¹³⁰

1673 3461 1985 3529 prorepsisse
2007 3481 2020 3520 ς
2070 3469 2249 3529 postea
2284 3477 2413 3511 vero
2460 3461 2643 3506 terram
2662 3481 2676 3506 ι

1674 3558 1840 3608 quum
1856 3536 2173 3591 induruisset
2187 3577 2202 3604 ,
2221 3555 2329 3589 non
2347 3532 2563 3604 amplius
2577 3518 2679 3608 suf*

1673 3617 1850 3670 secisse
1904 3613 2176 3685 gignendis
2225 3613 2511 3683 majoribus
2563 3615 2678 3687 ἓψ-

1673 3694 1908 3748 malibus.
1941 3692 2197 3746 Habuisse
2222 3702 2400 3744 autem
2423 3702 2538 3743 eam
2561 3676 2680 3731 0¹¹⁰¹

1673 3771 1811 3826 hanc
1853 3774 1961 3826 vim
2007 3771 2293 3841 probabant
2343 3768 2465 3822 inde
2481 3803 2497 3831 ,
2545 3748 2677 3827 <1⁰⁰3

1675 3862 1790 3919 post
1808 3849 2208 3904 inundationem
2226 3847 2363 3914 Nili,
2388 3866 2451 3900 ex
2472 3842 2593 3924 limo
2606 3847 2678 3884 θ’

1673 3927 1859 3982 lesacto
1878 3929 2120 3998 gignatur
2131 3925 2447 3979 incredibilis
2457 3922 2679 3974 murfflm

1674 4008 1960 4062 multitudo
1979 4047 1994 4073 ,
2038 4006 2102 4060 de
2135 4007 2323 4076 quibus
2354 4007 2416 4060 cs.
2455 3984 2678 4054 Mau-ob.

1674 4083 1888 4146 Saturn.
1909 4084 2018 4138 Vll
2033 4125 2048 4150 ,
2075 4085 2136 4137 16
2154 4122 2171 4152 ,
2192 4095 2247 4138 et
2272 4084 2458 4152 Pomp.
2472 4067 2607 4140 ‚likl-
2624 4062 2678 4127 1,
