2975 4784
543 389 675 457 266

1084 388 1162 452 P.
1226 386 1596 454 OVIDII
1649 382 2113 452 NASONIS

538 528 873 603 Attulerat
904 528 1178 615 samam3
1210 556 1585 628 nomenque
1619 544 1759 600 erat
1787 526 2056 621 auguris
2092 526 2324 621 ingens
2350 554 2369 613 ;

536 652 805 751 Spernit
831 649 1235 724 Echionides
1271 668 1487 724 tamen
1518 647 1699 723 hunc
1722 705 1742 736 ,
1780 677 1859 723 ex
1888 647 2202 722 omnibus
2230 674 2406 721 unus

539 774 931 847 Contemtor
961 773 1322 873 Superum,
1362 771 1736 858 Pentheus;
1770 798 2193 871 praesagaque
2225 768 2402 843 ridet

533 895 758 970 Verba
787 896 1001 984 senis;
1036 895 1471 997 tenebrasque
1506 911 1574 968 et
1606 892 1858 967 cladem
1890 891 2059 966 lucis
2095 892 2367 965 ademtae

2558 909 2648 961 515

536 1017 791 1118 Objicit
820 1048 835 1090 :
863 1017 978 1091 ille
1010 1047 1282 1093 movens
1318 1017 1607 1092 albentia
1644 1033 1940 1117 tempora
1973 1012 2193 1101 canis,

540 1173 577 1205 «
616 1140 837 1236 Quam
871 1139 1025 1215 felix
1059 1169 1263 1229 essae,
1301 1140 1358 1213 si
1394 1158 1467 1213 tu
1502 1166 1771 1241 quoque
1802 1134 2072 1212 luminis
2104 1134 2305 1235 hujus

533 1336 763 1392 Bacchis.
780 1338 996 1393 Habent
1017 1357 1134 1392 eam
1163 1336 1404 1408 Apollod.
1429 1338 1546 1404 111,

538 1431 573 1465 v
593 1454 609 1482 ,
638 1437 665 1467 a
686 1437 699 1478 ς
741 1416 940 1488 Hygin.
983 1417 1082 1469 sab.
1138 1417 1258 1482 ι84ς
1303 1416 1547 1469 Philostr.

532 1492 679 1546 Icon.
697 1494 738 1545 I.
766 1494 989 1563 Attingit
1004 1495 1164 1547 etiam
1181 1494 1448 1548 Theocrit.
1470 1492 1548 1546 Id.

532 1570 612 1622 26.
637 1569 723 1622 Cf.
748 1581 803 1624 et
826 1570 1011 1625 Senec.
1039 1573 1166 1627 OEd.
1204 1574 1467 1640 404-508,
1495 1582 1550 1625 et

529 1647 753 1700 similem
771 1648 867 1700 loc.
890 1649 1029 1717 apud
1046 1650 1229 1720 Vix-gil.
1257 1650 1382 1703 AEn.
1398 1650 1511 1703 VII
1528 1689 1544 1716 ,

530 1725 627 1776 385
641 1743 752 1793 sqq.
767 1724 895 1779 Sine
906 1726 1068 1780 dubio
1077 1726 1366 1793 Pentheus,
1380 1746 1546 1795 quum

527 1806 765 1858 furorem
799 1807 1111 1861 Bacchicum
1127 1847 1142 1874 ,
1178 1808 1267 1877 qui
1291 1818 1426 1861 totas
1448 1807 1547 1859 in-

530 1881 744 1935 terdum
767 1884 997 1937 civitates
1034 1885 1347 1951 invadebat,
1374 1891 1548 1938 'coer-

528 1978 648 2013 cere
691 1960 877 2025 vellet,
916 1981 945 2014 a
973 1961 1189 2015 Bacchis
1223 1963 1419 2016 occisus
1452 1973 1546 2015 est.

530 2038 866 2092 Fer-ociorem
919 2050 1096 2093 autem
1143 2059 1269 2093 eum
1324 2039 1549 2095 Ovidius

531 2117 799 2188 descripsit
818 2159 834 2186 ,
855 2138 1015 2188 quam
1030 2118 1321 2189 Euripides.
1337 2117 1551 2173 Nullam

529 2206 709 2249 autem
742 2197 1261 2251 transformationem
1293 2197 1406 2250 hoc
1444 2197 1549 2250 sab.

529 2271 719 2338 habet3
752 2274 929 2344 itaque
965 2276 1185 2340 Noster,
1219 2294 1289 2328 ne
1323 2273 1550 2328 instituti

529 2352 816 2406 immemor
834 2353 1132 2421 videretur,
1172 2355 1297 2408 inde
1327 2354 1389 2407 ad
1423 2373 1547 2407 ver-

528 2449 648 2483 sum
674 2433 802 2499 574,
827 2431 1106 2485 commode
1127 2432 1350 2485 intexuit
1376 2430 1546 2484 aliam.

527 2508 739 2569 —Res,
763 2509 1067 2562 vaticinium
1083 2508 1149 2562 de
1172 2508 1547 2563 Narcissoim-

526 2584 728 2653 pletum
746 2606 760 2650 ς
780 2592 984 2653 cognita
995 2626 1010 2647 ‚
1048 2605 1214 2656 quum
1230 2597 1363 2641 esset
1375 2586 1550 2639 divul-

528 2676 658 2734 gata.
679 2694 748 2707 —-
779 2670 926 2732 Vati,
962 2667 1209 2730 Tiresian
1238 2666 1374 2720 redit
1400 2666 1545 2719 enim

529 2766 614 2813 eo,
630 2764 737 2817 quo
746 2746 1032 2802 deflexerat
1045 2747 1548 2801 carmem—Achai-

523 2827 652 2888 das,
684 2843 888 2895 επακ.
926 2825 1084 2896 Apud
1112 2825 1334 2878 Homer.
1359 2842 1546 2878 omnes

524 2903 696 2958 Graeci
708 2894 746 2962 A.
756 2905 1237 2972 xenis—Achaidas
1243 2906 1387 2956 urbes
1406 2901 1543 2956 Cod.

524 2982 722 3050 Regius
738 2983 804 3049 Β,
822 2983 1127 3043 Archadas5
1145 2978 1548 3031 male.Achaica

524 3058 672 3128 regio
722 3070 802 3114 est
852 3057 1071 3113 Graiae
1104 3095 1119 3123 ,
1174 3056 1545 3126 Peloponneso

525 3137 871 3190 contermina.
896 3139 997 3191 Ed.
1017 3163 1089 3176 —
1105 3137 1342 3203 Auguris.
1372 3134 1543 3186 Aures

526 3215 642 3283 ejus
664 3213 735 3266 ita
764 3226 997 3286 purgate
1033 3224 1219 3282 erant,
1259 3221 1320 3264 ut
1355 3230 1543 3265 omnes

525 3292 704 3346 avium
715 3311 868 3348 voces
880 3295 1061 3349 auditu
1072 3289 1543 3365 perciperet.Apol·

524 3370 632 3423 lod.
654 3371 737 3425 III
754 3412 769 3439 ,
798 3388 888 3437 vl,
918 3393 961 3442 7.
987 3372 1147 3441 Apud
1174 3369 1410 3442 Euripid.
1431 3368 1482 3422 d.
1509 3368 1542 3424 l.

523 3448 618 3518 347
640 3489 655 3515 ,
672 3449 821 3504 sedes
840 3449 1021 3515 habet,
1051 3451 1140 3503 ubi
1164 3457 1543 3505 οἰωνοσκοπεῖ.-

521 3523 650 3578 Jam
668 3526 896 3580 breviter
918 3536 1068 3578 notat
1086 3545 1263 3580 mores
1284 3526 1538 3593 Penthei,

523 3602 615 3668 qui
639 3603 703 3655 ad
728 3603 866 3656 hanc
888 3621 1004 3655 rem
1028 3603 1382 3671 pertinebant,
1410 3606 1541 3657 Con-

521 3683 943 3749 temlorSupernnr
956 3700 972 3734 .·
984 3700 1050 3733 es·
1060 3685 1301 3745 omnibus,
1316 3702 1379 3735 ex
1390 3684 1540 3736 omni

522 3756 718 3810 familia
746 3757 955 3812 Cadmi.
979 3756 1175 3811 Ceteri
1198 3762 1539 3814 veneraban-

522 3847 614 3889 tur
636 3834 903 3888 Bacchum
920 3857 934 3890 z
950 3835 1053 3890 vid.
1068 3855 1202 3889 vers.
1228 3837 1419 3902 564.-
1440 3841 1541 3891 Te-

522 3918 698 3977 nebrae,
725 3922 786 3965 ut
804 3919 974 3980 σκότος,
996 3916 1062 3968 de
1079 3915 1320 3968 cecitate.
1333 3941 1402 3955 -·-
1415 3919 1542 3970 Cla-

523 3999 665 4058 ἄρα,
691 3991 948 4045 damnum
968 4031 982 4058 ,
1022 3991 1163 4061 quod
1189 4011 1365 4061 passus
1392 4004 1535 4062 erat,

522 4075 639 4129 luce
674 4071 897 4127 ademta.
940 4071 1112 4125 Aliter
1148 4071 1406 4125 Tiresiam
1440 4073 1538 4126 iu-

522 4162 700 4222 crepat
721 4149 859 4222 apud
886 4149 1122 4219 Euripid.
1148 4154 1243 4204 255
1263 4169 1372 4219 sqq.

1713 1339 1743 1389 5
1753 1336 1826 1390 ιδ.
1839 1337 2063 1389 Monens.
2080 1333 2263 1386 Motus
2275 1343 2329 1386 et
2345 1330 2552 1401 agitatio
2570 1349 2652 1383 ca·

1645 1414 1765 1484 pitis
1797 1413 2009 1482 signum
2046 1410 2437 1481 indignationis.
2480 1410 2653 1462 Movet

1647 1504 1822 1546 autem
1848 1491 2074 1545 Tiresias
2093 1499 2336 1558 Iempota,
2364 1499 2419 1542 et
2446 1487 2650 1557 quidem

1643 1570 1838 1624 senilia.
1880 1568 1987 1623 Sed
2012 1567 2063 1620 id
2100 1567 2342 1638 graphice
2373 1566 2613 1636 expressit
2634 1603 2650 1630 ,

1641 1653 1865 1702 albentia
1885 1652 2056 1708 canis,
2083 1657 2325 1715 tempora
2342 1664 2488 1699 cana.
2511 1653 2655 1699 lblm'

1642 1735 1867 1800 aph-«fu.
1886 1730 2076 1782 Anacr.
2099 1727 2206 1782 od.
2224 1728 2288 1780 55
2311 1750 2326 1791 ;
2351 1738 2404 1781 et
2421 1728 2578 1780 Hom.
2599 1725 2651 1779 ΙΙ.

1641 1817 1683 1863 Θ
1694 1847 1709 1875 ,
1731 1811 1827 1862 518
1838 1847 1853 1873 ,
1869 1826 2020 1861 senes
2030 1817 2179 1859 vocat
2194 1807 2557 1882 κολιοκρηᾶρους
2568 1808 2651 1872 γε’·-

1641 1912 1810 1964 ροντας.
1836 1888 2094 1940 Tiresiam
2111 1927 2127 1951 ,
2153 1887 2247 1955 qui
2264 1895 2487 1954 quatuor
2503 1901 2652 1950 gene·

1643 1964 1933 2018 rationibus
1972 1974 2119 2033 post,
2157 1961 2388 2015 Eteoclis
2416 1970 2467 2014 et
2492 1960 2650 2032 Poly-

1641 2041 1772 2095 nicis
1789 2052 2027 2111 tempore
2046 2080 2061 2108 ,
2089 2039 2260 2093 adhuc
2275 2039 2430 2101 vixit,
2457 2039 2562 2107 jam
2576 2057 2656 2089 se·

1641 2140 1769 2176 nem
1782 2121 1902 2176 facit
1912 2131 2150 2189 tempore
2163 2118 2655 2188 Penthei‚sequutus

1645 2200 1977 2272 Euripidem,
1994 2199 2130 2270 apud
2146 2198 2516 2268 quemBaceh.
2531 2217 2653 2250 vers.

1644 2281 1760 2346 258,
1776 2278 2046 2334 Pentheus
2062 2278 2111 2331 ei
2131 2277 2315 2330 tribuit
2333 2289 2479 2353 γῆρας
2490 2280 2655 2330 caleias:

1641 2356 1746 2408 vid.
1771 2357 1986 2410 Barnes.
2014 2355 2080 2408 ad
2098 2374 2232 2408 vers.
2267 2355 2379 2423 178.
2415 2353 2488 2407 Et
2506 2371 2650 2406 com·

1644 2432 1803 2487 mode
1828 2432 1880 2486 h.
1899 2433 1933 2486 l.
1956 2431 2239 2486 senectutis
2261 2431 2469 2483 mentio
2491 2430 2578 2493 fin
2597 2448 2652 2481 ea

1641 2513 1787 2567 enim
1817 2522 1967 2565 tanto
2003 2511 2261 2579 majorem
2298 2509 2649 2563 auctoritatem

1638 2594 1746 2647 vati
1761 2633 1777 2660 ,
1803 2602 2054 2662 tantoque
2073 2592 2336 2658 majorem
2361 2588 2528 2643 fidem
2549 2589 2652 2655 eius

1640 2669 1900 2739 responsis
1943 2667 2267 2722 conciliabat.
2321 2667 2436 2721 Nec
2484 2677 2648 2719 tamen

1641 2748 1865 2801 omnino
1879 2745 2177 2815 spernenda
2193 2756 2272 2798 est
2287 2744 2454 2798 altera
2475 2745 2619 2798 lectio
2636 2782 2649 2806 ,

1636 2828 1863 2877 albenlia
1888 2830 2110 2890 tempora
2137 2827 2282 2875 ville?
2296 2863 2311 2884 ,
2341 2823 2565 2875 maxime
2589 2821 2650 2872 ob

1641 2900 1780 2954 XIII
1798 2941 1811 2962 ,
1837 2900 1934 2966 643
1961 2919 1978 2953 ε
2002 2901 2145 2952 Hinc
2177 2900 2350 2952 Anius
2373 2903 2534 2951 sebee}
2552 2903 2650 2951 cit*-

1637 2981 1876 3032 cumdala
1900 2983 2123 3045 tempora
2158 2981 2305 3030 ve’tlis·
2343 2980 2648 3031 Com-nlius.

1640 3056 1787 3109 Vitta
1826 3056 1973 3109 enim
2008 3054 2123 3108 alba
2163 3054 2418 3125 insignire
2466 3053 2650 3109 solebat

1638 3147 1878 3207 tempora
1903 3153 2177 3205 augurum.
2212 3162 2280 3175 -
2311 3137 2487 3189 caan.
2519 3134 2648 3187 Zin-

1638 3217 1850 3288 zerling.
1874 3216 1931 3270 in
1966 3214 2228 3271 Promuls.
2256 3216 2281 3269 I
2301 3255 2317 3281 ,
2342 3236 2454 3285 cap.
2480 3221 2537 3270 51
2558 3255 2571 3280 ,
2593 3232 2646 3266 ex

1637 3293 1804 3348 MSS.
1828 3293 2041 3367 corrigit
2077 3297 2223 3345 ve'tle‘s
2241 3332 2255 3354 ‚
2302 3292 2449 3362 quod
2475 3292 2646 3345 Hein-

1635 3374 1742 3428 sius
1767 3373 2014 3444 exemplis
2037 3373 2274 3426 illustrat.

1702 3457 1761 3507 51
1771 3475 1815 3523 7.
1838 3454 2142 3520 Quamseltlr
2153 3471 2308 3505 esses.
2326 3452 2398 3506 Et
2415 3451 2481 3505 ad
2494 3451 2644 3504 risum

1636 3543 1690 3588 et
1713 3532 1779 3585 ad
1802 3531 2005 3586 cladem
2030 3531 2307 3585 oculorum
2339 3531 2511 3585 verbis
2537 3547 2643 3599 gra-

1633 3611 1853 3665 vissimis
1873 3609 2157 3680 respondet
2180 3621 2343 3663 vates.
2364 3607 2521 3679 Apud
2546 3607 2646 3660 Eu·

1633 3688 1788 3759 ripid.
1827 3689 1926 3742 368
1945 3727 1960 3754 ,
2008 3706 2118 3740 non
2152 3700 2355 3764 μαντικῇ
2384 3726 2399 3753 ,
2437 3684 2528 3740 sed
2565 3695 2644 3741 τοῑὸ

1635 3763 2639 3896 :cam,233353503322532332

1637 3921 1744 3975 Sed
1771 3920 1929 3976 ovid.
1957 3920 2040 3974 vel
2065 3939 2229 3973 nexus
2253 3939 2408 3973 causa
2433 3920 2538 3972 haec
2551 3933 2640 3967 no-

1631 4001 1788 4053 vavit.
1801 4026 1870 4039 —-
1887 3999 2123 4051 Bacchtia
2143 4017 2310 4052 sacm.
2341 3996 2520 4051 Codex
2543 3994 2638 4047 Re·

1635 4077 1748 4144 gius
1763 4076 1811 4128 A
1827 4078 2032 4130 Baebia
2045 4085 2099 4129 et
2113 4094 2271 4144 supra
2285 4080 2339 4130 εὖ
2354 4081 2383 4129 ι’
2390 4077 2453 4128 ab
2467 4070 2638 4125 eadem

1635 4171 1800 4230 manu
1813 4154 2040 4222 reposita
2057 4154 2159 4206 suit
2178 4153 2328 4206 litera
2347 4172 2401 4214 c,
2423 4148 2558 4204 unde
2571 4146 2638 4198 le·

2003 4296 2041 4330 C
