2975 4784
628 337 757 405 350

1167 335 1247 403 P.
1309 331 1665 402 0V1D11
1719 332 2180 404 NASONIS

622 475 828 569 Virga
861 499 1093 547 recens
1112 528 1134 559 ‚
1164 471 1531 574 bibulaque
1563 474 1924 548 etiamnum
1955 474 2102 550 viva
2125 476 2412 555 medulla
2435 536 2458 569 ‚

619 591 775 666 Vim
810 589 1039 692 rapuit
1070 588 1393 678 monstri,
1431 607 1743 693 tactuque
1773 590 2079 665 induruit
2107 591 2347 693 hujus;

621 707 1059 808 Percepitque
1092 734 1342 780 novum
1374 706 1574 780 ramis
1609 724 1678 780 et
1701 705 1937 781 froude
1971 706 2281 804 rigorem.

2665 735 2757 806 74⁵

612 826 714 900 At
746 821 965 926 pelagi
998 820 1321 923 Nympha
1348 820 1597 896 factum
1622 820 1926 896 mirabile
1959 839 2220 899 tentant

621 939 941 1015 Pluribus
975 937 1046 1011 in
1078 936 1322 1032 virgis,
1355 955 1423 1011 et
1450 936 1626 1024 idem
1663 938 2048 1034 contingere
2075 939 2364 1033 gaudent
2393 969 2412 1030 3

623 1056 1020 1156 Seminaque
1055 1081 1137 1128 ex
1173 1051 1305 1125 illis
1330 1049 1576 1126 iterant
1604 1051 1842 1151 jactata
1877 1080 1999 1153 per
2030 1053 2262 1127 undas.

616 1175 811 1246 Nunc
847 1197 1116 1272 quoque
1145 1166 1411 1242 curaliis
1446 1166 1672 1242 eadem
1707 1184 1943 1272 natura
1975 1168 2331 1257 remansit,

621 1294 955 1369 Duritiem
993 1309 1169 1366 tacto
1201 1291 1466 1393 capiant
1499 1306 1577 1364 ut
1608 1290 1693 1364 ab
1729 1318 1911 1380 acre;
1949 1290 2266 1392 quodque

618 1418 864 1492 -Vimen
898 1417 971 1507 in
999 1443 1262 1517 aequore
1289 1431 1432 1490 erat
1449 1470 1469 1502 ‚
1505 1412 1621 1487 fiat
1654 1441 1859 1515 super
1888 1442 2151 1514 aequora
2186 1442 2438 1488 saxum.

715 1543 833 1614 Vl.
888 1539 1014 1614 Dis
1046 1539 1264 1612 tribus
1297 1535 1409 1611 ille
1444 1536 1635 1610 socos
1667 1534 1945 1609 totidem
1981 1534 2063 1609 de
2094 1535 2342 1636 cespite
2378 1538 2581 1637 ponit
2602 1595 2621 1625 ‚

619 1754 834 1809 Hesiod.
852 1753 956 1807 Th.
973 1772 1086 1822 270
1110 1752 1400 1807 Dicebatur
1422 1770 1632 1822 quoque

616 1836 867 1903 Phorcys,
887 1833 1194 1890 Phorcidos,-
1224 1829 1341 1883 vide
1364 1850 1497 1884 vers.
1524 1831 1636 1899 774.

684 1910 795 1980 743.
820 1907 1145 1961 Vt’oaeadem
1160 1924 1277 1977 que
1289 1926 1480 1968 mcens,
1499 1924 1638 1958 non-

618 1987 750 2041 dum
792 1984 1061 2053 marcida,
1102 1985 1158 2038 in
1203 1985 1354 2052 cujus
1379 1988 1631 2046 medulla,

617 2067 747 2121 vasis
763 2106 779 2132 ‚
820 2065 956 2119 succi
979 2025 1166 2117 adime.
1188 2089 1256 2105 —·
1280 2066 1481 2130 Rapui!
1500 2068 1626 2123 υιίη.

614 2144 751 2198 illico
766 2152 975 2212 experta
988 2151 1065 2195 est
1082 2141 1189 2194 vim
1214 2140 1371 2194 illa'm.
1388 2167 1457 2181 -
1469 2143 1633 2193 Indu-

618 2227 722 2275 rm‘!
739 2261 753 2280 ‚
777 2239 982 2275 saxeam
1005 2230 1251 2273 naturam
1278 2218 1503 2288 accepit3
1542 2217 1634 2271 sed

620 2300 869 2355 duritiem
892 2298 1158 2354 Schirach.
1184 2309 1327 2352 creat
1352 2322 1403 2352 το
1422 2298 1589 2364 husun

680 2378 789 2444 746.
837 2379 1028 2443 pelage·
1061 2378 1323 2446 Nymphas
1367 2392 1476 2427 non
1526 2375 1632 2443 ipse

618 2454 846 2510 Ovidius
863 2454 1090 2518 addidit3
1114 2453 1205 2507 sed
1229 2464 1284 2508 et
1310 2452 1560 2523 Orpheus
1576 2453 1633 2505 iu

619 2534 755 2589 Lith.
780 2533 938 2587 habet
958 2573 974 2599 ,
998 2550 1301 2601 quanquam
1325 2531 1395 2585 ibi
1416 2531 1514 2584 alia
1532 2551 1632 2585 ea-

618 2633 736 2667 rum
767 2633 941 2683 opera.
965 2614 1292 2683 Sanguinem
1317 2612 1462 2665 enim
1481 2651 1499 2679 ,
1527 2631 1635 2681 quo

613 2692 775 2761 virge
792 2700 1053 2756 saturatae,
1080 2689 1150 2743 ita
1170 2688 1546 2758 compingunt,
1574 2698 1633 2742 ut

616 2770 744 2841 lapis
763 2789 872 2823 esse
900 2767 1231 2821 videatur.·—-
1256 2770 1496 2826 Tentant,
1525 2767 1632 2819 ad·-

616 2848 772 2902 motis
784 2846 1017 2917 pluribus
1026 2844 1180 2915 virgis
1194 2844 1429 2914 capiti.-
1439 2847 1638 2898 Ilemn!

603 2929 817 2997 jactata
833 2968 846 2988 .
884 2924 1118 2996 repetitis
1140 2923 1338 2977 vicibus
1362 2933 1631 2993 spargunt.

615 3035 682 3047 —
712 3009 952 3065 Iader-e,
992 3003 1202 3068 serere,
1240 3020 1503 3071 spargere.

620 3109 635 3124 ·
687 3087 797 3157 749.
847 3084 1068 3137 Caralie‘s
1112 3080 1259 3149 dedit
1308 3080 1561 3134 Heinsiu‘s
1600 3099 1632 3134 e

617 3160 930 3216 Florentino
951 3160 1006 3215 S.
1026 3159 1198 3214 Marci
1213 3170 1267 3213 et
1280 3159 1632 3228 Neapolitano

616 3258 715 3309 pro
728 3244 963 3302 corale‘elr,
995 3240 1116 3311 quia
1130 3238 1438 3293 vetustiores
1461 3236 1633 3291 Greci

614 3319 827 3408 κουρᾶλικ
849 3328 949 3371 etat
924 3326 1143 3393 κούραλλα
1162 3317 1491 3387 scripserunt.
1517 3315 1629 3368 Re·

615 3395 685 3466 gii
716 3395 881 3449 nostri
917 3394 1116 3448 habent
1148 3399 1367 3447 comle'ek.
1402 3391 1629 3445 Minime

613 3480 788 3529 eadem
807 3480 992 3526 nalum
1021 3485 1101 3528 est
1124 3474 1217 3539 iis,
1245 3492 1362 3542 quoe
1387 3481 1527 3525 tarto
1567 3471 1631 3524 ab

617 3575 735 3609 aere
760 3565 812 3607 et
845 3572 875 3604 a
898 3562 1035 3604 tacto
1063 3512 1301 3606 Medusa
1325 3551 1488 3620 capite
1517 3549 1631 3603 du-

614 3645 840 3688 rescunt.
866 3630 971 3685 Sed
994 3628 1218 3684 Ovidius
1238 3650 1354 3701 quoe
1377 3631 1442 3684 de
1466 3649 1631 3683 cura-

615 3713 806 3764 liorum
832 3718 1020 3763 natura
1049 3707 1417 3777 tradebantur,
1444 3708 1631 3780 mytho

616 3786 1012 3841 accommodare
1048 3784 1230 3837 voluit.
1256 3787 1338 3839 De
1375 3788 1437 3841 iis
1468 3787 1629 3841 etiam

621 3864 757 3916 Plin.
793 3866 930 3918 Hist.
968 3864 1088 3916 Nat.
1125 3860 1372 3929 XXXII,
1409 3881 1488 3931 11,
1533 3884 1626 3917 ιι.
1613 3884 1625 3897 ·

614 3941 802 3992 Bacce
824 3943 1053 3993 candae
1074 3941 1167 3990 sub
1198 3956 1333 4005 equa
1352 3947 1406 3992 e!
1421 3945 1628 3994 mollese

613 4023 818 4069 etenle
858 4017 1120 4082 consa-stein
1163 4019 1406 4069 durantur
1439 4027 1493 4071 e!
1528 4041 1628 4072 ru-

615 4099 834 4149 bescunt.
857 4095 1051 4164 Aiunt,
1080 4100 1217 4148 tacta
1226 4100 1454 4161 prolium
1482 4100 1627 4165 Iope·-

1731 1751 1943 1803 ἀει-εκ.
1978 1748 2186 1802 Verum
2215 1749 2330 1804 hec
2355 1760 2544 1804 natura
2570 1752 2752 1805 cortici

1733 1837 1940 1881 tantum
1955 1837 2061 1894 est,
2079 1845 2187 1880 non
2207 1828 2448 1882 interiori
2465 1831 2617 1899 parti,
2633 1851 2755 1901 qua

1731 1905 1839 1973 jam
1852 1905 1949 1958 sub
1966 1924 2100 1975 aqua
2123 1904 2256 1958 dura
2273 1907 2548 1977 reperitur.
2564 1936 2634 1948 —
2659 1913 2754 1962 Vc·-

1731 2002 1873 2046 neae,
1905 1984 1939 2037 i.
1961 2003 2009 2053 q.
2035 1988 2192 2052 νήια.
2224 1982 2501 2038 Claudian.
2525 1986 2576 2038 X
2608 2025 2625 2053 ,
2662 1987 2755 2060 169

1728 2081 1803 2131 sq.
1824 2082 1837 2114 ε
1871 2065 2048 2116 Vz‘mn
2070 2076 2183 2116 era!
2195 2104 2207 2120 .
2235 2066 2355 2116 dun
2384 2072 2571 2132 stagna
2605 2070 2754 2118 ubil.

1728 2146 2054 2197 Pmcessemt
2062 2146 2216 2195 unda}
2227 2163 2245 2195 .-
2255 2145 2592 2212 ffnmsnit.
2613 2145 2750 2197 Hinc

1727 2224 2011 2294 lilhopbstae
2033 2221 2186 2276 dicta.
2205 2222 2385 2276 Hodie
2410 2225 2607 2279 curulia
2629 2226 2748 2279 ani-

1729 2298 1962 2353 malculis
1998 2299 2258 2369 originem
2296 2299 2495 2353 debere
2531 2302 2746 2354 eredun-

1730 2388 1838 2446 tur,
1858 2397 2159 2448 quanquam
2175 2398 2294 2432 eam
2309 2380 2620 2448 opinionem
2633 2383 2742 2433 im-

1728 2467 1928 2526 pugnat
1978 2456 2237 2510 Munera,
2256 2496 2272 2522 ,
2317 2476 2480 2526 quem
2522 2458 2640 2512 vide
2683 2458 2744 2511 ad

1731 2534 1934 2588 Linnsei
1957 2534 2200 2608 Systema
2215 2535 2438 2590 Naturae
2455 2576 2472 2602 ,
2500 2547 2626 2590 tom.
2642 2535 2718 2589 Vl
2733 2575 2748 2600 ,

1729 2632 1779 2683 p.
1803 2613 1903 2681 643
1929 2632 2043 2683 sqq.

1797 2693 2050 2758 752-802.
2068 2692 2293 2744 Medusa
2307 2701 2479 2760 capnt.
2506 2693 2568 2745 In
2577 2702 2654 2746 ter
2666 2711 2750 2762 po—

1727 2770 1840 2824 cula
1869 2772 2090 2825 Perseus
2127 2772 2233 2841 ipse
2269 2781 2490 2838 narrat,
2518 2790 2620 2841 qua
2644 2782 2746 2824 arte

1729 2847 1968 2902 Medusa
1994 2858 2150 2919 eaput
2174 2849 2467 2902 abstulerit.
2515 2850 2610 2903 Est
2645 2849 2746 2902 hec

1726 2927 1898 2981 sabula
1921 2949 2030 2982 una
2055 2949 2117 2982 ex
2141 2929 2515 2999 antiquissimis
2542 2971 2556 2998 ,
2595 2948 2743 3000 quam

1725 3024 1755 3058 a
1783 3005 2117 3060 Pboenicibus
2135 3046 2151 3073 ,
2188 3008 2278 3075 qui
2308 3007 2544 3061 Africam
2575 3020 2742 3062 extre-

1727 3104 1871 3138 mam
1900 3085 2169 3153 adierant,
2199 3086 2339 3140 baud
2365 3087 2531 3141 dubie
2564 3108 2740 3158 arrep-

1727 3171 1836 3216 tam
1883 3162 2054 3217 Graeri
2095 3164 2272 3218 Persei
2312 3165 2477 3219 rebus
2505 3167 2740 3220 inseme-

1727 3253 1869 3294 runt.
1893 3242 2207 3295 Narraverat
2231 3261 2350 3295 eam
2382 3242 2741 3316 Pherecydes:

1727 3328 2038 3374 tractaverat
2064 3319 2222 3373 etiam
2248 3319 2530 3392 AEsrhyles
2557 3323 2612 3375 in
2639 3333 2744 3373 tra-

1728 3398 1895 3468 goedia
1914 3402 2212 3458 Phor-eides,
2240 3400 2330 3468 qui
2346 3399 2494 3453 idem
2511 3441 2526 3465 ‚
2547 3402 2601 3453 in
2621 3401 2746 3453 Pro-

1726 3477 1889 3532 meth.
1918 3479 2013 3551 798
2034 3497 2143 3548 sqq.
2169 3519 2183 3544 ,
2209 3478 2274 3531 de
2299 3478 2746 3549 Gorgonibusea—

1727 3574 1954 3624 rumque
1985 3556 2252 3610 sororibus
2285 3559 2554 3612 nonnulla
2587 3557 2748 3611 babet.

1728 3632 1839 3687 Nos
1859 3652 1976 3687 eam
2007 3633 2278 3687 haurimus
2303 3653 2366 3687 ex
2395 3634 2620 3690 Hesiodi
2647 3631 2754 3685 Th.

1727 3716 1997 3782 270—285;
2038 3712 2184 3766 Scut.
2211 3713 2434 3767 Hercul.
2478 3715 2577 3768 216
2605 3732 2755 3783 sqq-z

1729 3792 1995 3847 Eratosth.
2024 3814 2115 3858 aa,
2143 3812 2308 3863 quem
2332 3795 2602 3848 transtulit
2632 3793 2764 3865 Hy·

1727 3870 1831 3941 gin.
1857 3870 1915 3924 P.
1945 3871 2010 3923 Α
2025 3869 2115 3937 11,
2150 3892 2243 3934 ως
2274 3871 2766 3941 Apollon.11‚1v,

1727 3945 1991 4006 ιιςδοΙιοΙ.
2028 3947 2770 4017 Aponon.IV,1515·Or-

1725 3986 1845 4091 plici
1875 4043 2035 4078 carm.
2077 4024 2143 4077 de
2182 4025 2367 4095 Lapid.
2397 4041 2507 4092 XV,
2535 4024 2604 4076 ³0
2635 4045 2776 4096 sqq.

1727 4100 1973 4157 Studiose
2003 4104 2282 4174 scriptores
2305 4116 2509 4159 veteres
2546 4109 2774 4173 quai-
