2975 4784
610 432 742 499 DE
801 431 1144 499 OPERE
1210 429 2256 504 METAMORPHOSEON.
2449 441 2487 508 3

356 586 514 646 atas
528 571 802 661 incerta,
820 570 1089 670 scripsit
1105 561 1395 670 Ετεροίων
1412 576 1676 664 βίὅλους,
1687 573 2088 649 Callisthenes
2102 576 2493 678 Olynthius,

355 705 745 781 Aristotelis
779 703 1050 778 auditor
1069 760 1089 794 ,
1134 714 1671 806 Μεταμορφώσεις,
1711 708 2063 808 Antigonus
2107 710 2449 812 Carystius
2472 768 2491 800 ,

361 855 658 938 tempore
692 834 1035 911 Ptolemaei
1083 836 1548 940 Philadelphi,
1595 828 1939 920 Ᾰλλοιώσεις
1957 896 1977 929 ,
2006 841 2329 915 Nicander
2369 844 2496 917 At·-

362 967 498 1044 talo
533 972 603 1043 ῙῙ
636 967 907 1070 aequalis
951 961 1374 1068 Ετεροιούμενα
1396 1026 1416 1059 ,
1465 988 1535 1046 et
1556 971 1930 1047 Parthenius
1977 982 2494 1074 Μεταμορφώσεις.

362 1103 575 1175 Erant
624 1101 825 1175 etiam
843 1156 863 1190 ,
902 1101 1019 1201 qui
1077 1119 1330 1176 certum
1385 1102 1518 1176 sibi
1571 1102 2228 1178 transformationum
2288 1135 2496 1202 genus

364 1232 808 1308 enarrandum
842 1251 1178 1307 sumerent
1198 1289 1218 1322 ,
1278 1234 1351 1307 in
1381 1235 1631 1335 quibus
1665 1236 1886 1310 Boeus
1904 1295 1922 1322 ,
1985 1237 2174 1336 cujus
2202 1239 2500 1312 ornitho-

366 1368 568 1464 gonia
600 1364 674 1439 id
705 1365 979 1461 agebat,
1015 1384 1094 1440 ut
1125 1393 1275 1440 aves
1310 1394 1544 1441 omnes
1577 1366 1781 1442 factas
1825 1395 1968 1442 esse
2001 1396 2082 1442 ex
2116 1368 2500 1445 hominibus

365 1496 766 1571 ostenderet.
804 1503 844 1538 *

465 1627 602 1701 Sed
652 1627 863 1700 multo
906 1628 1120 1728 majus
1163 1627 1790 1729 memorabiliusque
1843 1656 2017 1731 opus
2075 1629 2350 1706 molitus
2400 1652 2500 1706 est

372 1756 657 1833 Ovidius.
704 1759 772 1831 Is
804 1758 979 1832 enim
1012 1776 1187 1834 recte
1220 1759 1419 1849 vidit,
1453 1758 1701 1834 fabulis
1740 1758 1875 1833 illis
1918 1760 1993 1833 in
2028 1789 2097 1835 se
2133 1763 2452 1838 tenuibus
2473 1819 2492 1851 ,

364 1919 671 1988 magnam
698 1891 895 1964 etiam
932 1907 1185 1991 partem
1215 1892 1462 1994 ineptis
1513 1911 1713 1993 atque
1763 1893 2070 1967 absurdis
2088 1950 2109 1982 ,
2157 1893 2502 1971 illecebras

244 2106 259 2121 ‚
368 2052 507 2101 esse
524 2025 977 2102 conciliandas
990 2054 1026 2099 a
1039 2052 1321 2125 poeseos
1344 2027 1772 2117 ornamentis,
1789 2055 1827 2101 a
1844 2026 2233 2103 collectione
2255 2057 2504 2119 earum,

374 2158 507 2230 nisi
540 2158 871 2245 omnium,
909 2173 1084 2231 certe
1118 2155 1552 2258 plurimarum
1575 2211 1596 2243 ,
1641 2157 1715 2227 in
1751 2184 1962 2230 unum
2009 2185 2256 2257 corpus
2285 2213 2308 2245 ,
2355 2177 2423 2234 et
2467 2188 2504 2233 a

375 2286 689 2361 laudibus
721 2289 1018 2362 Deorum
1050 2287 1462 2389 heroumque
1493 2285 1931 2386 interpositis.
1957 2286 2035 2359 ld
2069 2304 2286 2362 autem
2321 2305 2507 2363 tanto

371 2416 648 2515 ingenio
682 2436 996 2520 tantaque
1030 2435 1171 2492 arte
1204 2416 1464 2506 effecit,
1500 2433 1581 2490 ut
1601 2414 1983 2490 suavissime
2009 2416 2338 2493 bonarum
2361 2416 2513 2494 lite—

370 2578 593 2624 rarum
631 2549 975 2624 studiosos
1018 2547 1103 2623 ad
1136 2546 1705 2649 metamorphoses
1735 2548 2240 2644 cognoscendas
2270 2549 2504 2625 invitet

371 2700 763 2782 teneatque3
797 2682 961 2782 quin
985 2680 1183 2770 adeo,
1216 2697 1331 2768 ut,
1364 2707 1443 2753 eo
1468 2679 1739 2753 nomine
1767 2679 1995 2753 audito
2013 2736 2034 2768 ,
2072 2680 2357 2755 Ovidius
2378 2699 2514 2757 sta-

372 2816 524 2903 tim,
554 2832 872 2915 tanquam
896 2840 1079 2886 unus
1100 2840 1325 2886 earum
1350 2828 1616 2901 auctor,
1644 2818 1965 2887 occurrat.
1990 2811 2258 2887 Etenim
2273 2868 2293 2901 ,
2323 2813 2508 2914 quod

373 2946 669 3047 primum
696 2963 827 3034 est,
856 2945 1243 3019 innumeros
1274 2943 1479 3043 hujus
1498 2944 1760 3041 generis
1783 2942 2053 3045 mythos
2070 2999 2090 3032 ,
2125 2961 2293 3045 quot
2314 2973 2511 3020 nemo

374 3080 547 3155 sorte
582 3098 737 3154 ante
772 3104 955 3166 eum,
988 3078 1288 3179 undique
1324 3077 1671 3181 decerptos
1705 3076 1998 3174 collegit.
2035 3080 2269 3180 Neque
2310 3108 2511 3181 opera

374 3213 523 3311 ejus
553 3210 1418 3311 imm-metamorphoseon,
1454 3238 1600 3312 quae
1630 3208 1908 3310 proprie
1940 3208 2034 3283 sic
2071 3209 2405 3300 dicuntur,
2429 3211 2518 3289 li-

369 3343 573 3418 mites
629 3341 971 3429 substitit,
1008 3341 1126 3416 sed
1173 3342 1307 3415 sive
1338 3340 1780 3443 plenitudinis
1823 3369 2047 3429 causa,
2086 3341 2220 3416 sive
2259 3369 2516 3417 cosmo-

369 3473 617 3566 gouias
643 3472 1026 3546 Graecornm
1044 3468 1432 3572 respiciens,
1454 3471 1526 3544 in
1549 3470 1917 3572 primordio
1946 3471 2168 3573 operis
2194 3471 2514 3566 originem

367 3604 649 3692 mundi,
679 3604 1079 3679 creationem
1097 3603 1424 3693 hominis,
1454 3605 1934 3681 successionem
1963 3622 2262 3691 aetatum,
2295 3622 2517 3681 ortum

366 3735 819 3809 animantium
860 3763 940 3810 ex
976 3734 1171 3824 limo,
1210 3754 1278 3810 et
1301 3733 1478 3810 libro
1515 3754 1807 3810 extremo
1834 3733 2044 3809 multa
2065 3763 2101 3813 e
2127 3733 2522 3836 Pythagorae

365 3866 651 3970 placitis
689 3867 1033 3942 adsumsit.
1084 3866 1281 3941 Unde
1308 3894 1464 3941 vero
1503 3865 1773 3963 singula
1811 3867 2142 3955 hauserit,
2175 3894 2384 3966 quum
2419 3880 2533 3957 tot,

435 4099 469 4126 ¹*
503 4096 646 4152 Vide
674 4100 981 4155 Mellmanm‘
1004 4100 1311 4154 Comment.
1344 4098 1410 4154 de
1447 4100 1612 4157 causis
1636 4110 1691 4154 et
1717 4099 2013 4155 auctoribus
2045 4096 2416 4151 narrationum
2456 4094 2523 4151 de

362 4191 606 4247 mutatis
630 4193 834 4245 sonnis.
