2975 4784
637 406 1345 490 ‚METAMORPH
1368 411 1709 483 OSEON
1754 415 1949 484 LIB.
1995 420 2084 487 V.

2310 419 2439 509 393

335 549 590 650 Perque
624 550 972 650 pruinosas
1006 550 1160 625 tulit
1188 552 1540 653 irrequieta
1570 552 1893 627 tenebras.

334 666 598 739 Rursus
619 719 638 752 ‚
673 682 751 737 ut
778 663 946 738 alma
980 665 1117 740 dies
1151 665 1495 742 hebetarat
1527 665 1776 755 sidera,
1811 686 2028 742 natam

335 778 512 854 Solis
542 779 626 851 ad
660 806 998 867 occasum,
1036 778 1214 854 Solis
1247 781 1580 882 quaerebat
1609 782 1694 855 ab
1729 799 1898 856 ortu.

333 894 537 969 Fessa
569 893 797 969 labore
826 894 1005 968 sitim
1040 895 1432 994 collegerat,
1470 926 1718 999 oraque
1750 896 1920 971 nulli

296 1007 723 1096 ‚Colluerant
754 1010 1011 1098 fontes3
1053 1040 1259 1112 quum
1293 1030 1531 1087 tectam
1568 1015 1876 1089 stramine
1909 1011 2074 1086 vidit

337 1128 540 1201 Forte
572 1156 818 1218 casam,
855 1157 1219 1229 parvasque
1250 1128 1428 1204 fores
1459 1125 1750 1230 pulsavit
1778 1159 1794 1203 ε
1827 1148 1897 1204 at
1931 1128 2086 1203 inde

337 1250 573 1324 Prodit
591 1239 807 1342 'anus;
835 1253 1201 1353 Divamque
1235 1252 1414 1326 videt
1435 1309 1455 1342 ‚
1489 1252 1955 1355 lymphamque
1990 1250 2254 1348 roganti

333 1373 551 1449 ‘Dulce
585 1373 803 1465 dedit,
838 1393 1016 1452 tosta
1049 1376 1228 1478 quod
1261 1395 1526 1452 coxerat
1558 1396 1706 1454 ante
1740 1377 2027 1480 polenta.

2353 1395 2449 1464 450

337 1497 521 1571 Dum
549 1498 728 1572 bibit
760 1496 875 1575 illa
906 1499 1169 1589 datum,
1204 1500 1354 1575 duri
1389 1528 1557 1602 puer
1596 1502 1731 1575 oris
1767 1518 1834 1575 et
1868 1499 2080 1575 audax

347 1620 671 1694 Constitit
701 1640 850 1696 ante
883 1623 1134 1712 Deam3
1172 1623 1452 1724 risitque
1473 1679 1494 1712 ‚
1531 1622 1915 1724 avidamque
1945 1621 2220 1697 vocavit.

337 1828 542 1898 lignum
574 1829 862 1885 resinosum
896 1830 1126 1901 egregias
1153 1831 1351 1901 prebet

339 1905 478 1959 faces
502 1925 515 1959 ι
538 1905 640 1959 vid.
661 1907 896 1980 Brydon.
912 1908 964 1961 d.
981 1908 1012 1960 l.
1026 1928 1075 1978 p.
1097 1911 1203 1982 189.
1234 1910 1349 1979 Ipsa

340 1983 460 2036 Dea
495 1982 618 2038 inde
662 1985 900 2053 ledefem.
936 2013 1002 2026 —-
1031 1989 1117 2040 Ab
1151 1990 1311 2040 Δίκα
1332 2028 1346 2051 ,

341 2062 522 2117 AEtnae
544 2064 762 2135 ignibus.
779 2066 1016 2119 ,Petrom
1039 2066 1105 2137 89
1124 2104 1139 2131 ,
1160 2069 1227 2118 ab
1244 2070 1351 2119 ants

338 2146 575 2198 accendit
574 2144 745 2211 faces.
786 2143 1077 2212 Quomodo
1101 2144 1164 2196 ab
1188 2143 1352 2197 AEtna

343 2218 641 2272 accenderit
657 2257 673 2286 ,
700 2239 760 2272 ex
778 2239 875 2272 suo
900 2230 1203 2273 commento
1227 2240 1354 2274 nar-

342 2304 427 2347 rat
450 2292 727 2348 Claudian.
753 2296 864 2362 111,
887 2293 1055 2348 iudea
1075 2314 1226 2349 versu
1240 2297 1353 2369 392.

406 2372 520 2439 443.
542 2374 732 2441 Perque
752 2377 1026 2441 prue'suosas
1056 2382 1154 2426 etc.
1178 2373 1353 2428 Noctu

344 2458 397 2502 et
411 2448 644 2502 interdiu
668 2450 902 2519 quoesivit
923 2449 1175 2505 filiam.—
1188 2454 1345 2514 Dies,

341 2548 380 2582 s.
394 2528 471 2581 sol
483 2527 699 2582 clariore
713 2548 806 2584 sua
817 2530 931 2583 luce
943 2532 1158 2593 hebi-lat,
1176 2529 1356 2584 obscu-

343 2616 426 2660 rat
444 2606 614 2662 sidera
631 2648 646 2674 ,
669 2618 731 2661 ut
749 2627 859 2661 non
877 2618 1175 2679 appareant.
1201 2609 1356 2663 Simi-

347 2684 466 2738 liter
486 2685 595 2739 sere
613 2725 629 2752 ,
670 2685 724 2739 11
749 2686 933 2740 Amor.
960 2694 1022 2740 vl
1039 2725 1055 2754 ,
1089 2705 1155 2739 ao
1178 2727 1193 2754 ,
1220 2686 1358 2757 psit-

349 2772 490 2816 tacus
508 2765 695 2817 virides
706 2769 888 2831 pennis
905 2767 1108 2818 lebeta!
1126 2783 1357 2834 smarag-

347 2842 456 2893 dos.
491 2838 594 2894 Sed
617 2840 881 2896 Schiracb.
899 2842 1027 2896 alius
1042 2844 1247 2914 generis
1265 2862 1359 2897 ve-

348 2919 1361 3069 azzssssassfii‘sssssssstdffffi

347 3075 581 3144 tepidum
596 3086 675 3130 est
686 3095 914 3147 vespere
927 3086 1154 3148 tempus,
1174 3097 1359 3133 vacans

351 3162 479 3207 astu
500 3153 714 3208 calentis
737 3154 871 3208 solis.
897 3154 1064 3208 Valde
1084 3156 1310 3225 poetice!
1329 3177 1359 3205 κ

417 3231 527 3299 446.
560 3232 703 3284 Site'm
734 3235 1013 3300 collegerat.
1048 3230 1197 3285 Olim
1235 3231 1363 3286 ede-

349 3307 507 3361 b'atur
526 3314 666 3363 silim
679 3315 972 3378 conceperat
983 3325 1003 3374 ,⁶
1016 3308 1105 3363 sed
1122 3309 1232 3376 jam
1244 3307 1365 3362 Cio·

348 3385 503 3438 sanus
536 3404 599 3438 ex
629 3386 833 3440 duobus
861 3386 966 3440 suis
997 3396 1051 3439 et
1077 3385 1210 3439 Abb.
1243 3388 1362 3439 co!-

351 3467 540 3531 Iegemt
570 3464 819 3534 protulit,
851 3464 1096 3533 idemque
1127 3464 1362 3534 plurimis

352 3540 460 3595 aliis
473 3543 870 3612 comprobatum
885 3543 1081 3611 recepit
1099 3540 1364 3596 Heinsius.

351 3620 529 3674 Nostri
560 3621 710 3692 Regii
731 3663 746 3689 ,
772 3628 1076 3689 conceperat.
1098 3648 1167 3661 -
1195 3623 1365 3674 Colle·-

345 3715 466 3763 gere
495 3701 633 3749 se‘te'u
652 3739 666 3760 ‚
708 3698 1016 3755 contrahere
1036 3735 1052 3763 ,
1083 3698 1244 3751 etiam
1278 3716 1367 3751 re-

353 3773 559 3844 peritur
582 3777 720 3844 apud
749 3777 1029 3847 Virgilium
1048 3814 1064 3842 ,
1093 3778 1150 3830 in
1172 3777 1366 3849 Georg.

356 3849 478 3930 111„
503 3851 632 3921 3²7³
671 3854 923 3906 Horatius
942 3893 957 3919 ,
984 3853 1085 3920 IV,
1110 3853 1218 3909 Od.
1247 3871 1327 3909 κη
1348 3896 1363 3924 ,

359 3930 454 3981 13:
477 3931 730 3982 adduxere
745 3935 883 3983 sitim
904 3938 1136 3997 tempora.
1172 3932 1257 3986 De
1283 3932 1368 3985 siti

358 4002 570 4058 Cereris
582 4005 746 4058 multa
763 4006 898 4076 apud
912 4008 1135 4062 Veteres
1157 4029 1171 4071 ς
1189 4010 1373 4064 confer

360 4078 566 4134 callim.
584 4082 694 4135 vn
712 4121 728 4149 ,
748 4097 829 4134 xn
843 4122 857 4150 ‚
893 4103 966 4153 ¹7·
992 4083 1054 4137 In
1069 4084 1121 4138 h.
1147 4085 1369 4140 Homer.

359 4179 388 4212 a
403 4160 696 4230 Metanira,
723 4162 872 4217 Celei
895 4163 1152 4218 Eleusinii
1175 4166 1366 4236 conju-

1431 1855 1508 1906 ¹ge
1526 1874 1541 1901 ,
1567 1834 1796 1905 primum
1819 1843 2087 1890 recreatur
2108 1842 2237 1904 potu
2259 1870 2275 1899 ,
2315 1841 2459 1902 post·

1446 1931 1605 1982 quam
1635 1931 1665 1966 a
1689 1912 1866 1966 Iamba
1893 1951 1909 1979 ,
1941 1911 2223 1966 Metanirae
2246 1909 2459 1975 famula,

1447 1991 1727 2044 exhilarata
1749 2001 1874 2043 erat.
2410 1991 2424 2002 “

1511 2070 1622 2136 447.
1643 2069 1941 2120 Collueranl.
1956 2066 2114 2120 Multi
2129 2105 2145 2133 ,
2151 2062 2457 2134 pollicum&

1448 2143 1592 2197 unde
1635 2143 1882 2197 Heinsius
1907 2144 2232 2212 conjecturat
2256 2146 2464 2211 prolue-

1444 2229 1591 2283 πασέ,
1643 2219 1807 2273 nostri
1856 2219 2006 2289 Regii
2026 2257 2042 2286 ,
2072 2223 2362 2273 colluerant.
2395 2246 2462 2261 ·--

1453 2299 1679 2350 Colluere
1691 2315 1810 2350 raro
1823 2296 1893 2350 ita
1910 2295 2134 2349 occurrit
2147 2295 2212 2348 de
2227 2296 2459 2358 bibente;

1448 2373 1631 2427 durius
1652 2373 1822 2427 multo
1844 2372 1980 2443 apud
2008 2372 2338 2427 lactantium
2360 2411 2375 2438 ,
2402 2372 2457 2425 in

1450 2459 1762 2519 argumento
1779 2490 1794 2517 ,
1813 2452 2013 2518 Aquam
2024 2488 2039 2511 ,
2066 2453 2144 2502 ad
2151 2451 2460 2501 collaudem

1436 2529 1692 2597 jejunium
1707 2568 1720 2591 ,
1733 2534 1995 2597 pom'gere.
2005 2554 2073 2570 ·—
2092 2529 2253 2594 Quum
2266 2532 2461 2580 tectam.

1451 2607 1631 2662 Nostri
1668 2606 1848 2676 Regii,
1874 2612 2165 2660 conlectam.
2194 2633 2261 2645 —
2291 2607 2471 2658 Pmdit

1450 2705 1596 2738 anus.
1610 2684 1741 2739 Hac
1755 2704 1885 2738 anus
1902 2703 1932 2738 a
1952 2681 2219 2739 Nicandro
2233 2683 2425 2735 Misma
2443 2721 2459 2747 ,

1452 2762 1517 2814 ab
1536 2762 1644 2816 aliis
1672 2761 1855 2816 Baubo
1881 2771 2110 2816 vocatur.
2140 2788 2207 2800 —
2226 2762 2464 2828 Roganti.

1453 2842 1606 2912 Regii
1628 2843 1794 2896 nostri
1816 2882 1832 2910 ‚
1862 2846 2068 2910 pelenti.

1519 2924 1633 2988 450.
1669 2923 1839 2975 Dulce
1859 2921 2089 2975 absolute
2114 2920 2372 2989 positum,
2404 2929 2465 2972 ut

1452 3002 1506 3053 τὶ
1526 3006 1661 3068 γλυκὺ
1682 2998 1894 3053 Grecis.
1913 3026 1982 3039 -
2005 2999 2166 3051 Tasta
2179 3037 2195 3060 ‚
2232 3015 2327 3066 pro
2355 3004 2463 3049 les-

1452 3083 1538 3139 ia,
1585 3076 1808 3130 correxit
1829 3075 2091 3130 Barthius.
2117 3102 2184 3115 -
2215 3077 2464 3138 polenta,-

1457 3153 1520 3206 ab
1545 3152 1768 3223 Orpheo
1786 3193 1802 3220 ,
1840 3154 1895 3207 in
1934 3155 2213 3223 fragment.
2251 3162 2467 3206 vocatur

1453 3237 1619 3284 κυκεὼν
1634 3268 1650 3295 ,
1690 3231 1877 3283 cinnus
1901 3267 1917 3296 ,
1970 3229 2118 3299 potio
2160 3230 2393 3283 confecta
2436 3247 2466 3280 e

1456 3315 1590 3360 tosta
1619 3305 1830 3376 polenta
1847 3344 1864 3371 ,
1906 3305 2060 3359 melle
2080 3345 2096 3373 ‚
2120 3306 2243 3360 vino
2264 3346 2280 3374 ,
2320 3304 2471 3358 flori-

1454 3386 1586 3451 bus,
1631 3383 1909 3453 herbisque
1932 3384 2100 3438 variis.
2138 3383 2273 3437 Vide
2304 3384 2471 3437 Mun-
2582 3403 2589 3411 ·

1454 3464 1563 3517 ker.
1593 3459 1658 3515 ad
1683 3463 1910 3518 lactant.
1927 3472 2222 3533 argument.
2237 3461 2467 3516 Fischer-i

1458 3541 1724 3607 Indioem3
1748 3542 2165 3612 Theophrastem
2180 3537 2272 3611 ,dn
2291 3547 2471 3597 κυκιῶν.

1459 3622 1661 3676 Arnob.
1687 3621 1737 3676 d.
1756 3623 1789 3675 l.
1808 3662 1824 3690 ,
1843 3629 2033 3693 oggerit
2043 3628 2318 3691 polionem,
2340 3627 2468 3678 Cin-

1459 3721 1594 3764 nam,
1609 3719 1867 3772 cyceonem
1880 3721 2028 3771 quam
2040 3709 2298 3768 nuncupat
2319 3704 2467 3755 Gra-

1459 3783 1581 3843 ceie‚·
1606 3777 1851 3847 idemque
1864 3798 1894 3832 e
1916 3778 2194 3832 Clemente
2206 3777 2348 3831 addit
2369 3819 2384 3846 ,
2410 3780 2466 3833 in

1460 3856 1758 3928 Mystarum
1812 3856 2059 3928 symbolis
2100 3855 2253 3910 fuisse
2278 3876 2291 3910 τ
2319 3858 2470 3926 jeju-

1458 3940 1603 3995 un',
1635 3941 1785 4003 alque
1804 3937 1943 3987 ebibe·
1957 3943 2232 4005 cyceonem.
2264 3933 2468 4007 Cyceo-

1457 4029 1585 4066 nem
1602 4010 1766 4066 Ceres
1788 4012 1929 4081 juxta
1955 4011 2210 4065 Antonin.
2236 4011 2286 4064 d.
2308 4012 2339 4065 1.
2358 4008 2467 4063 ebi—

1458 4091 1533 4144 bit
1546 4092 1730 4167 ἀθρόως,
1747 4088 1799 4142 id
1817 4100 1915 4158 est,
1930 4092 2119 4159 ιἰμυστῖ,
2138 4108 2248 4142 uno
2262 4086 2465 4155 spiritu,

1458 4166 1693 4238 adeoque
1715 4171 1873 4224 anile.
1900 4197 1968 4210 —
1989 4172 2148 4232 Puer,
2175 4165 2309 4218 filius
2333 4160 2467 4212 Mis-
