2975 4784
652 374 1321 442 METAMORPH
1343 375 1686 443 OSEON
1722 379 1933 447 ·LIB.
1989 381 2078 449 V.

2303 367 2429 448 38'3

313 512 579 629 Surgit,
611 529 679 586 et
711 511 1043 587 immissos
1072 511 1315 587 hedera
1346 512 1622 632 collecta
1653 514 1928 615 capillos

317 633 614 736 Calliope
652 633 961 735 querulas
989 651 1338 735 praetentat
1369 634 1620 747 pollice
1654 636 1976 724 chordas;

317 759 545 858 Atque
575 756 712 830 haec
746 757 1079 857 percussis
1111 756 1462 855 subjungit
1495 757 1787 831 carmina
1814 760 2072 835 nervis:
2103 793 2138 827 >2

2346 784 2446 856 340

420 913 454 943 «
490 878 718 953 Prima
753 879 955 953 Ceres
990 907 1165 952 unco
1197 876 1424 973 glebas
1459 880 1744 954 dimovit
1773 899 2033 970 aratr03

314 1123 518 1175 sparsos
541 1125 636 1174 per
671 1104 922 1159 humeros
954 1115 1008 1159 et
1040 1103 1334 1158 defluentes

320 1182 611 1250 habebant,
634 1181 742 1248 Vl,
766 1183 890 1248 168;
918 1193 971 1236 et
986 1183 1143 1237 Trist.
1163 1184 1217 1250 Ι,
1237 1199 1333 1251 111,

319 1261 408 1326 43)
421 1264 655 1328 ἐοΙΙιᾈνιἸν
681 1277 793 1313 non
817 1260 962 1313 nodo
978 1271 1068 1314 aut
1086 1260 1333 1328 reticulo,

317 1336 411 1390 sed
428 1340 638 1400 hedera,
671 1336 944 1391 doctarum
965 1338 1222 1391 frontium
1245 1358 1338 1392 or·-

316 1426 571 1469 nameuto
585 1455 601 1482 ,
622 1433 728 1485 quo
742 1426 797 1469 et
812 1427 981 1486 poete
1001 1418 1242 1471 coronari
1259 1436 1337 1472 so·

315 1491 446 1544 lent.
474 1490 676 1545 Confer
711 1492 901 1545 Horat.
926 1493 981 1559 1,
1021 1491 1129 1547 od.
1156 1509 1179 1546 1
1198 1532 1214 1561 ,
1256 1512 1336 1565 ²9·

316 1597 388 1610 —
410 1571 628 1622 Hedera.
658 1567 839 1622 Codex
878 1569 1074 1639 Regius
1101 1570 1149 1623 B
1181 1570 1341 1624 hahet

317 1648 543 1709 bedem5
566 1665 676 1699 non
691 1646 856 1713 male,
882 1646 922 1700 si
941 1665 1038 1717 pro
1054 1653 1331 1710 annuisses,

313 1734 608 1793 reponatur
616 1729 884 1778 humela-tos.
903 1724 1347 1779 Ed.-Praetentat

315 1805 542 1856 chordas
558 1844 572 1864 ,
610 1812 732 1856 ante
756 1814 970 1857 cantum
995 1803 1101 1856 oris
1132 1802 1302 1872 pulsat
1325 1842 1344 1869 ,

319 1878 567 1949 praeludit
585 1920 600 1946 ,
629 1882 922 1948 s'tvoezpotirroee
945 1921 961 1948 ,
1001 1882 1301 1934 ἄναθᾶλλιται
1326 1918 1342 1946 ,

321 1975 476 2010 more
488 1956 1190 2010 citharoedorumJlelentare
1197 1954 1346 2009 chor·

321 2035 447 2102 das,
470 2056 628 2106 supra
655 2057 760 2108 ¹¹7·
785 2066 852 2078 —-
881 2040 1110 2104 Querule
1132 2045 1349 2106 propter

322 2115 539 2169 mollem
563 2135 772 2169 sonum.
799 2117 1018 2181 Querula
1039 2118 1167 2167 tibia
1187 2153 1202 2178 ,
1236 2113 1348 2166 Ho-

319 2204 420 2248 rat.
448 2194 566 2259 111,
594 2193 702 2248 od.
729 2209 846 2258 vu,
872 2193 954 2245 30.

387 2273 503 2338 341.
531 2274 766 2342 Hymnus
803 2272 969 2323 Musa
1003 2273 1221 2324 Cererem
1252 2289 1348 2324 ce-

318 2355 524 2404 lebrans
538 2349 770 2419 pertinet
789 2347 852 2400 ad
873 2366 1085 2401 versum
1102 2347 1197 2401 ὅθι
1219 2370 1234 2412 ς
1255 2347 1348 2403 sed

320 2450 440 2501 pars
458 2430 574 2498 ejus
597 2426 897 2499 gravissima
917 2429 1122 2493 Raptus
1145 2427 1351 2480 Proser—

312 2514 480 2575 pe’ne‚
514 2507 600 2561 cui
636 2515 865 2576 quatuor
900 2503 1352 2574 metamor-pheses

323 2587 535 2639 inscrtae
561 2623 576 2651 ,
620 2582 686 2635 ad
711 2599 924 2636 versum
966 2586 1080 2652 571.
1104 2583 1348 2646 Plutoni,

327 2663 561 2718 Siciliam
581 2701 596 2724 ,
624 2658 852 2730 Tiphoei
870 2658 1102 2713 motibus
1116 2677 1351 2714 concus-

327 2759 442 2795 sam
461 2779 477 2806 ,
501 2738 756 2792 ambienti
779 2737 993 2809 Cupido
1009 2777 1024 2804 ‚
1049 2748 1220 2791 matre
1248 2735 1356 2791 im-

329 2819 556 2890 pellente
571 2858 586 2884 ,
602 2835 840 2871 amorem
857 2817 1042 2887 injicit.
1067 2815 1198 2886 Quo
1215 2817 1353 2871 sacto

326 2896 415 2949 ille
451 2915 480 2948 e
513 2895 727 2965 vestigio
759 2896 1111 2962 Proserpinam
1133 2934 1147 2957 ,
1189 2912 1352 2963 prope

333 2974 578 3026 Hennaea
613 2971 809 3025 moenia
844 2969 1003 3025 flores
1044 2971 1310 3041 legentem
1334 3010 1350 3039 ,

329 3057 493 3121 rapit,
526 3062 581 3105 et
602 3072 697 3122 per
723 3050 934 3123 Cyanes
953 3089 969 3116 ,
995 3069 1050 3103 se
1085 3068 1354 3120 opponere

332 3129 616 3184 laborantis
637 3170 652 3196 ‚
681 3130 887 3182 sontem
925 3127 990 3180 ad
1027 3127 1223 3181 inferos
1255 3128 1352 3182 de·-

333 3209 496 3263 vehit.
513 3208 656 3262 Tum
674 3226 905 3261 moerens
928 3208 1100 3277 Cyane
1120 3211 1174 3258 in
1196 3225 1359 3275 aquas

331 3294 648 3341 extenuatur.
665 3285 831 3340 Ceres
843 3325 858 3352 ‚
877 3283 1104 3337 accensis
1119 3283 1175 3336 in
1193 3279 1357 3362 AEma

337 3364 514 3431 taedis,
533 3365 623 3417 diu
648 3375 915 3432 noctuque
939 3379 1037 3431 per
1054 3370 1227 3412 totum
1253 3371 1361 3414 ter-

339 3461 522 3496 rarum
546 3443 730 3497 orbem
754 3441 917 3495 filiam
941 3439 1180 3492 amissam
1204 3456 1359 3507 quc—

338 3521 445 3586 rit,
471 3532 624 3589 atque
650 3521 791 3573 inter
813 3535 1019 3572 errores
1033 3514 1145 3568 illos
1155 3534 1362 3583 puerum

339 3597 628 3668 quemdam
648 3603 702 3651 in
722 3600 1000 3651 stellionem
1025 3599 1199 3646 mutat.
1239 3593 1361 3646 Re-

339 3696 492 3734 versa
503 3679 559 3729 in
575 3676 804 3730 Siciliam
820 3696 848 3729 e
865 3672 1196 3743 Proserpinae
1210 3691 1360 3739 zona,

340 3774 506 3829 quam
549 3756 604 3807 in
649 3752 867 3826 Cyaneo
900 3754 1045 3805 sonte
1090 3762 1363 3805 natantem

336 3833 487 3888 videt
511 3870 526 3897 ,
573 3831 734 3883 filiam
768 3831 838 3884 ibi
888 3829 1156 3883 evanuisse
1193 3828 1364 3883 discit.

341 3913 492 3968 Hinc
514 3910 731 3964 seviens
768 3923 933 3964 terras
961 3927 1148 3962 omnes
1171 3948 1186 3976 ,
1218 3908 1365 3962 Sici-

341 3990 470 4043 liam
494 3989 549 4042 in
575 3986 756 4056 primis
780 4027 794 4055 ,
836 3985 1106 4040 sterilitate
1135 3985 1365 4040 damnat.

341 4068 610 4122 Arethusa
632 4085 760 4120 vero
794 4077 846 4120 et
880 4084 976 4135 pro
1002 4075 1140 4118 terra
1172 4064 1365 4133 depre-

340 4156 519 4213 cantur,
545 4157 598 4200 et
633 4144 808 4214 prodit
839 4143 1210 4213 Proserpinam
1239 4143 1368 4195 Plu·

1435 1098 1575 1151 tonis
1613 1116 1722 1152 esse
1760 1097 2061 1169 conjugem.
2102 1098 2202 1153 His
2234 1103 2451 1173 cognitis

1436 1174 1602 1230 Ceres
1640 1175 1704 1229 ad
1733 1177 1926 1230 Jovem
1953 1176 2189 1246 querelas
2209 1198 2324 1233 suas
2347 1180 2453 1235 de·-

1433 1256 1535 1309 sert
1556 1293 1572 1322 ,
1597 1255 1686 1325 qui
1724 1274 1841 1309 eam
1863 1255 2090 1320 solatur,
2118 1255 2211 1309 sed
2234 1268 2287 1310 et
2319 1258 2453 1311 red-

1435 1334 1562 1389 dere
1600 1334 1761 1388 filiam
1794 1335 1948 1388 matri
1987 1354 2049 1388 ea
2078 1334 2192 1404 lege
2232 1335 2379 1402 vult,
2413 1338 2457 1391 si

1434 1412 1608 1466 nullos
1621 1411 1792 1468 adhuc
1809 1431 1901 1467 ore
1919 1411 2061 1466 cibos
2075 1413 2338 1467 sumserit.
2355 1413 2461 1467 Co-

1435 1488 1677 1542 mederat
1713 1500 1890 1542 autem
1924 1489 2009 1542 illa
2030 1499 2234 1560 septem
2259 1493 2460 1560 granati

1439 1586 1618 1637 grana.
1640 1566 1805 1634 Quod
1822 1586 1988 1635 quum
2007 1567 2338 1637 Ascalaphus
2360 1570 2465 1623 im-

1438 1653 1668 1713 portune
1716 1643 2029 1713 prodidisset
2051 1684 2067 1712 ,
2110 1650 2165 1698 in
2220 1649 2463 1701 bubonem

1439 1719 1839 1787 trondormalnr.
1888 1722 2041 1792 Quin
2061 1723 2222 1777 etiam
2248 1727 2473 1780 Acheloi

1444 1798 1565 1852 513ae
1579 1838 1594 1864 ‚
1613 1817 1730 1868 que
1744 1799 2074 1870 Proserpina
2095 1801 2254 1856 fiores
2266 1803 2465 1874 legenti

1441 1876 1719 1931 adsuerant
1737 1917 1753 1944 ,
1792 1898 1959 1948 quum
1993 1880 2116 1949 ipsa
2152 1881 2208 1934 id
2241 1892 2465 1953 expete-

1441 1964 1567 2010 rent
1590 1995 1605 2023 ,
1646 1961 1701 2009 e'n
1742 1977 1920 2010 noram
1974 1959 2196 2012 Sirenum
2237 1959 2463 2026 firmam

1442 2040 1718 2088 transeunt.
1754 2033 1968 2105 Jupiter
2002 2035 2220 2089 tandem
2245 2055 2363 2090 rem
2393 2039 2465 2091 ita

1442 2109 1715 2178 componit
1746 2148 1765 2176 ‚
1803 2120 1865 2162 ut
1901 2111 2219 2181 Proserpina
2251 2114 2466 2184 singulis

1443 2186 1597 2240 annis
1629 2204 1718 2239 sex
1750 2205 1960 2240 meuses
1998 2206 2121 2240 cum
2156 2200 2326 2243 matre
2363 2192 2461 2258 sit,

1443 2264 1667 2319 totidem
1686 2285 1807 2319 cum
1829 2265 2277 2324 Plutone.·-Haec
2292 2272 2466 2326 sahula

1445 2364 1476 2399 a
1509 2345 1780 2416 plurimis,
1816 2346 1908 2400 sed
1942 2366 2135 2418 magna
2170 2351 2418 2408 varietate
2445 2396 2462 2421 ‚

1443 2433 1663 2478 tractata
1685 2433 1779 2477 est.
1799 2424 1961 2479 Juxta
1984 2426 2230 2481 Marmor
2255 2430 2462 2486 Arund.
2488 2469 2495 2476 ae

1445 2502 1504 2568 1,
1538 2506 1629 2569 14,
1663 2503 1770 2572 jam
1793 2502 1889 2557 sub
1914 2503 2215 2561 Erechtheo
2251 2509 2461 2581 aliquis,

1445 2580 1598 2647 cuius
1620 2598 1820 2634 nomen
1845 2579 2079 2636 deletum
2104 2595 2182 2638 est
2197 2625 2212 2651 ‚
2250 2605 2464 2641 carmen

1447 2656 1514 2711 de
1541 2676 1602 2711 ea
1626 2659 1933 2729 composuit.
1968 2658 2118 2713 Idem
2142 2663 2368 2731 fecerat,
2405 2677 2468 2720 ut

1448 2757 1477 2790 e
1497 2738 1789 2806 Pausan.1‚
1807 2739 1873 2812 39
1887 2779 1902 2806 ,
1921 2751 2135 2810 apparet
2148 2781 2164 2808 ,
2182 2743 2468 2814 Pampbus.

1449 2813 1660 2870 Ordine
1675 2815 1837 2870 relata
1850 2828 1928 2870 est
1949 2817 2002 2870 in
2026 2819 2249 2873 Homeri
2266 2821 2470 2893 hymno

1446 2892 1507 2946 in
1536 2892 1793 2948 Cererem
1808 2935 1823 2962 ,
1851 2906 1904 2949 et
1927 2897 2183 2966 copiosius
2204 2898 2362 2952 etiam
2385 2921 2470 2954 se-

1447 2972 1589 3025 riore
1618 2975 1787 3027 'etate
1826 2992 1855 3025 a
1892 2972 2189 3028 Claudiano
2221 2979 2467 3046 peculiari

1449 3049 1516 3104 de
1542 3051 1721 3120 Raptu
1749 3052 1994 3122 Proserp.
2029 3054 2279 3108 carmine.
2319 3057 2469 3111 Bre-

1448 3128 1585 3181 viter
1599 3148 1717 3182 eam
1737 3130 2004 3199 attingunt
2023 3128 2273 3200 Orpheus
2288 3133 2341 3186 in
2363 3136 2470 3197 Ar—

1453 3223 1575 3275 gon.
1599 3208 1726 3277 1189
1743 3225 1853 3275 sqq.
1871 3227 1885 3270 ;
1906 3205 2115 3262 Gallim.
2137 3206 2187 3262 h.
2212 3209 2265 3262 in
2284 3209 2469 3265 Cerer.

1454 3286 1607 3354 5—17.
1641 3283 1726 3338 Cs.
1744 3297 1797 3338 et
1814 3286 2059 3356 Apollod.
2077 3288 2101 3340 l
2118 3328 2134 3355 ,
2157 3293 2187 3343 5
2206 3330 2221 3357 ,
2248 3293 2335 3360 qui
2358 3294 2469 3346 fere

1451 3360 1637 3434 hymn.
1664 3362 1936 3417 Homeric.
1971 3366 2239 3434 sequitur;
2272 3369 2471 3440 Hygin.

1451 3440 1553 3493 sab.
1590 3440 1714 3505 146;
1747 3441 1949 3495 Arnob.
1979 3442 2093 3497 adv.
2118 3443 2352 3512 Gentes,
2389 3448 2468 3514 V,

1451 3537 1504 3588 p.
1529 3518 1620 3586 173
1640 3538 1750 3588 sqq.
1771 3519 1969 3574 Denuo
1986 3521 2181 3575 Noster
2196 3541 2313 3575 eam
2334 3533 2471 3578 trac·

1455 3596 1615 3662 tavit,
1650 3596 1787 3651 Fast.
1813 3599 1914 3666 IV,
1938 3599 2039 3670 339
2073 3620 2183 3670 sqq.
2220 3600 2473 3670 Expressa

1455 3673 1684 3744 denique
1702 3687 1814 3730 erat
1827 3677 1881 3729 in
1898 3677 2075 3730 multis
2095 3679 2329 3731 nummis
2341 3680 2470 3735 aliis-

1457 3772 1559 3821 que
1574 3755 1953 3808 monumentis.
1967 3755 2255 3825 Spanhem.
2277 3756 2339 3809 ad
2356 3756 2472 3813 Cal-

1455 3830 1741 3884 limachum
1756 3872 1771 3898 ,
1802 3851 1849 3904 9.
1871 3860 1938 3872 -
1959 3835 2134 3886 Prima
2156 3835 2304 3887 Ceres
2326 3847 2423 3891 etc.
2443 3857 2472 3892 e

1458 3907 1645 3979 virgil.
1667 3909 1860 3980 Georg.
1884 3910 1941 3976 1,
1975 3913 2062 3982 ¹47
2090 3932 2101 3964 ε
2127 3913 2301 3965 Prima
2329 3915 2474 3968 Ceres

1444 3986 1588 4055 ferro
1623 3992 1858 4042 mortales
1882 3996 2067 4041 vedere
2100 3997 2280 4043 terram
2304 3994 2476 4046 Insti-

1458 4069 1567 4118 tua.
1596 4062 1753 4120 Cous.
1786 4066 1980 4120 Noster
2017 4067 2201 4124 Amor.
2237 4067 2349 4133 ΙΙΙ,
2383 4086 2476 4129 ιο;

1461 4142 1598 4198 Fast.
1628 4143 1730 4210 IV,
1752 4148 1865 4209 4⁰¹·
1888 4173 1954 4186 —
1985 4147 2251 4209 Dimoas'l,
2295 4145 2478 4196 dimo-
