2975 4784
657 344 1738 417 METAMORPHOSEON
1789 349 1981 418 LIB.
2033 353 2142 420 11.

334 484 633 573 Circum
667 501 771 570 et,
812 512 894 557 ne
933 484 1095 585 quid
1129 484 1525 561 labefactum
1559 487 1812 562 viribus
1845 490 2023 584 ignis

335 611 655 697 corruat,
693 606 997 708 explorat
1028 639 1046 681 z
1077 638 1221 710 quae
1251 629 1612 711 postquam
1637 609 1820 685 firma
1840 669 1859 700 ,
1892 615 2125 714 suique

206 799 219 813 ,
332 730 634 805 Roboris
670 758 813 804 esse
839 730 1056 818 viden
1086 746 1291 804 terras
1310 788 1329 820 ‚
1358 733 1837 834 hominumque
1862 732 2125 810 labores

331 837 681 955 Perspicit.
719 853 1016 927 Arcadiae
1047 869 1261 927 tamen
1296 872 1397 926 est
1431 855 1797 956 impensior
1826 855 1926 929 illi
2369 880 2473 946 405

333 977 513 1051 Cura
547 1003 720 1063 suae3
755 975 1141 1075 sontesque,
1182 971 1248 1050 et
1274 976 1577 1051 nondum
1604 978 1913 1051 audentia
1945 977 2083 1052 labi

331 1074 638 1171 Flumina
664 1096 995 1186 restituit3
1034 1095 1146 1170 dat
1184 1114 1368 1172 terrae
1402 1099 1731 1192 gramina,
1763 1099 2035 1173 frondes

334 1220 758 1309 Arboribus3
794 1218 1110 1320 laesasque
1139 1221 1333 1320 jubet
1365 1222 1749 1296 revirescere
1784 1221 1999 1296 silvas.

330 1442 604 1507 videntur,
629 1449 854 1494 mortuae
877 1440 1017 1494 sidus
1035 1407 1189 1497 Ursa
1210 1441 1345 1496 dica-

330 1530 489 1586 runt,
512 1519 664 1587 cuius
682 1529 738 1572 et
760 1536 959 1572 nomen
979 1529 1032 1572 et
1053 1520 1180 1573 situs
1197 1559 1212 1586 ,
1238 1538 1345 1588 quo

329 1614 608 1666 nunquam
626 1594 812 1649 occidit
829 1635 845 1662 ‚
862 1595 1047 1650 fabulae
1061 1597 1236 1650 locum
1253 1597 1346 1650 de-

334 1675 427 1728 dit.
466 1675 603 1728 Eam
641 1691 764 1727 vero
788 1673 983 1727 Grecis
1017 1672 1379 1737 decantatam,

327 1750 489 1806 fuisse
509 1790 525 1819 ‚
557 1752 839 1820 Pamnn-p.
861 1752 988 1812 603,
1019 1750 1188 1805 tradit.
1213 1753 1346 1806 Pri-

330 1848 451 1884 mus
478 1847 599 1883 eam
623 1827 911 1896 Aniethus,
947 1828 1201 1900 Tegeates
1225 1830 1345 1885 his-

334 1908 587 1961 storiarum
606 1906 850 1975 scriptor,
866 1925 1101 1961 narrasse
1118 1906 1340 1962 videtur.

333 1986 467 2057 Hyg.
483 1986 544 2038 P.
565 1984 634 2050 A,
655 1984 728 2046 ll,
752 2004 773 2036 1
790 1993 917 2037 extr.
936 1985 1062 2038 Post
1076 2003 1200 2038 eum
1222 1985 1343 2053 plu-

331 2062 475 2128 rimi,
499 2062 586 2117 sed
608 2079 801 2130 magna
819 2062 1063 2114 varietate
1081 2102 1096 2125 ,
1124 2064 1341 2132 repetie—

333 2150 476 2205 runt,
494 2139 764 2204 Eumelus,
781 2137 1131 2208 Pherecydes,
1151 2139 1304 2193 Asius
1315 2177 1337 2207 ‚

336 2217 593 2271 Hesiodus
608 2257 624 2285 ,
645 2237 772 2287 quos
790 2217 1032 2288 Apollod.
1050 2216 1224 2272 laudat
1244 2258 1260 2286 ,
1284 2229 1342 2273 et

333 2295 580 2366 Amphis,
599 2295 971 2350 comcediarum
993 2295 1228 2365 scriptor.
1260 2296 1341 2350 Ex

330 2374 389 2427 iis
404 2411 420 2438 ,
439 2374 528 2442 qui
545 2384 744 2432 restant
757 2412 773 2440 ,
792 2374 913 2425 vide
927 2375 1148 2428 Pausan.
1167 2372 1336 2440 VIII,

330 2468 376 2518 p.
398 2448 1086 2519 6033Apollod.111‚v1u,
1116 2470 1175 2514 εις
1195 2450 1337 2521 Hyg-

326 2526 454 2580 sabb.
497 2526 620 2597 176,
673 2546 794 2596 177,
836 2527 897 2579 P.
928 2526 992 2578 A.
1020 2526 1109 2592 ΙΙ,
1144 2546 1164 2578 1
1188 2565 1205 2591 ,
1246 2526 1338 2580 ubi

330 2604 547 2660 diversas
563 2605 873 2660 traditiones
885 2605 1105 2675 collegit.
1122 2605 1337 2672 Noster,

330 2684 411 2754 qui
420 2685 721 2739 Hesiodum
730 2686 954 2739 maxime
968 2695 1337 2754 sequutus-esse

332 2763 559 2830 videtur,
586 2783 705 2817 eam
720 2765 924 2833 egregie
942 2764 1210 2817 exornavit
1223 2803 1239 2830 ,
1265 2773 1337 2817 at-

328 2862 421 2911 que
437 2844 599 2896 etiam
616 2881 632 2909 ,
664 2842 719 2895 11
744 2843 880 2895 Fast.
902 2843 1160 2915 155-193‚
1186 2852 1333 2895 trac-

328 2921 587 2974 tavitHoc
598 2930 905 2973 commento
914 2918 1335 2974 commodissime

327 2996 389 3049 ad
400 2998 497 3050 sab.
509 3015 618 3066 seq.
632 2997 1090 3050 transit—Meuia
1101 2996 1227 3050 colo
1243 3005 1334 3049 aut

330 3074 526 3127 mundo
550 3074 730 3128 tribuit
757 3076 964 3128 Lucret.
989 3072 1333 3143 intelligitque

330 3160 580 3205 extremas
596 3150 783 3204 mundi
799 3169 941 3216 oras,
963 3161 1054 3203 aut
1068 3150 1333 3204 mundum

326 3227 512 3297 ipsum.
535 3228 638 3282 Sed
662 3230 856 3284 Noster
878 3228 1087 3298 proprie
1109 3228 1330 3297 accepit,

326 3321 443 3372 quo
458 3303 500 3357 si
516 3316 711 3374 essent,
729 3308 907 3359 forent
926 3323 1049 3358 sane
1073 3305 1333 3359 immenso

325 3381 546 3449 ambitu,
578 3382 719 3436 unde
742 3387 977 3451 lugentia.
1002 3384 1216 3437 Horum
1238 3401 1337 3436 cu-

323 3479 434 3513 ram
481 3463 695 3532 gerebat
739 3462 950 3531 Jupiter
984 3483 999 3525 ς
1055 3462 1227 3532 itaque
1279 3471 1334 3515 et

322 3558 463 3594 nunc
493 3560 557 3594 ea
594 3547 774 3595 circuit
801 3551 855 3595 et
886 3545 1140 3608 explorat,
1182 3559 1333 3595 more

322 3615 577 3670 AEdilium
596 3657 611 3684 ‚
638 3619 824 3687 quibus
850 3637 973 3672 cura
992 3618 1333 3672 adificiorum

317 3696 716 3764 commissaest,
744 3707 797 3750 et
815 3706 902 3764 ut,
922 3699 993 3763 V,
1020 3698 1147 3764 360,
1173 3696 1333 3750 Pluto

319 3773 507 3829 Sicilie
522 3775 834 3830 fundamina
848 3814 864 3841 ,
883 3776 969 3830 ubi
985 3776 1138 3831 simili
1153 3793 1332 3829 amore

317 3854 616 3926 corripitur.
638 3883 707 3896 —
718 3857 817 3908 Sne·
824 3858 1015 3908 mbonlr
1030 3864 1212 3921 erant,
1235 3853 1335 3906 ha-

316 3932 509 3990 bebant
547 3936 747 4004 justum
790 3935 955 3990 robur
968 3975 985 4001 ,
1013 3934 1331 3986 firmitatem.

317 4038 379 4052 -
397 4015 676 4067 Hont‘nsm
694 4016 890 4066 labores
902 4051 918 4079 ,
940 4020 1139 4082 segetes
1166 4019 1221 4062 et
1239 4009 1335 4062 alia

318 4105 487 4159 opera.
527 4092 611 4144 Ita
644 4090 844 4145 Plinius
861 4129 875 4157 ‚
918 4091 1113 4168 Paneg.
1147 4088 1205 4143 81
1222 4125 1237 4154 ,
1270 4107 1300 4140 2
1315 4124 1331 4153 ,

503 4182 666 4251 ΙΙΙ.

1443 1445 1713 1509 agrestem
1734 1443 1888 1494 labor.
1903 1437 2050 1510 Virg.
2075 1439 2270 1510 Georg.
2286 1439 2331 1504 Ι,
2349 1440 2465 1501 325:

1443 1517 1657 1572 AEneid·
1681 1518 1737 1572 II
1747 1558 1762 1585 ,
1784 1519 1883 1572 306
1909 1531 1923 1566 τ
1948 1525 2065 1570 sala
2088 1522 2208 1569 leta
2228 1521 2465 1585 boumque

1440 1600 1653 1649 labotes.
1676 1597 1778 1649 Vir
1793 1596 1974 1650 doctus
1990 1635 2007 1662 ,
2021 1596 2078 1648 in
2090 1594 2314 1664 Ephem.
2331 1594 2470 1647 liter.

1442 1675 1683 1728 Norimb.
1721 1675 1964 1744 intelligit
1998 1674 2314 1728 calamitates
2351 1673 2463 1726 ho-

1439 1752 1648 1805 minum
1681 1772 1947 1823 perpessas
1976 1762 2031 1806 et
2061 1750 2310 1805 miserias.
2337 1753 2461 1805 Ve-

1439 1848 1564 1883 rum
1578 1848 1644 1884 eo
1656 1848 1812 1883 sensu
1830 1834 2026 1883 labotes
2043 1848 2152 1882 non
2173 1868 2188 1895 ,
2210 1829 2311 1881 nisi
2328 1827 2460 1881 dum

1438 1906 1784 1974 perferuntur
1798 1945 1813 1972 ,
1831 1904 2049 1975 perspici
2067 1915 2296 1973 possunt.
2317 1903 2455 1957 Rod.

1436 1986 1610 2051 vertit,
1636 1987 1728 2038 der
1736 1988 2010 2038 Henschen
2030 1988 2288 2036 erlittenen
2302 1985 2460 2036 Scha-

1441 2065 1537 2116 len
1560 2102 1575 2125 ‚
1611 2072 1796 2116 contra
1820 2062 2010 2131 linguae
2033 2079 2206 2114 usum.

1509 2144 1625 2206 405.
1659 2143 1931 2209 perspicer,
1961 2140 2182 2192 verbum
2202 2136 2324 2192 huic
2349 2137 2464 2192 loco

1440 2214 1804 2284 aptissimum3
1840 2214 2031 2269 dicitur
2069 2214 2212 2267 enim
2257 2224 2317 2266 ut
2353 2233 2467 2266 no-

1440 2304 1610 2347 strum
1635 2296 1969 2360 besti-hilaret,
1995 2291 2061 2352 de
2079 2293 2140 2346 iis
2159 2294 2248 2361 qui
2271 2293 2468 2346 exami-

1435 2382 1570 2426 nant
1596 2371 1843 2438 edificia,
1868 2372 1975 2425 vias
1996 2383 2051 2425 et
2064 2371 2176 2424 alia.
2201 2370 2339 2424 Vide
2358 2371 2464 2424 Er-

1433 2449 1571 2502 nesti
1599 2447 1820 2503 Clavem
1864 2445 1976 2500 Cic.
2010 2447 2063 2500 h.
2101 2467 2148 2500 v.
2191 2450 2460 2515 Persptkt’l.

1431 2526 1752 2581 Damnanda
1794 2526 1947 2581 lectio
1970 2530 2222 2594 prospicit
2247 2566 2261 2590 ,
2299 2545 2461 2596 quam

1432 2605 1589 2659 multi
1617 2604 1843 2660 Codices
1867 2607 2154 2675 preferant
2170 2646 2186 2672 ‚
2212 2616 2267 2658 et
2294 2624 2455 2675 quam

1434 2684 1624 2738 Douza
1644 2684 1940 2752 coniecerat
1959 2724 1974 2751 ,
2003 2684 2123 2754 quia
2139 2702 2252 2737 non
2276 2705 2305 2738 e
2326 2685 2452 2739 coelo

1430 2771 1644 2831 spectat.
1658 2761 1922 2816 -Nostri
1945 2760 2170 2815 Codices
2194 2760 2348 2831 Regii
2364 2761 2456 2814 ha-

1430 2839 1560 2893 bent
1584 2843 1839 2907 perspicit.
1887 2861 1954 2880 -·-
1989 2839 2274 2893 Arcadiam
2308 2849 2458 2893 vocat

1432 2936 1620 2980 snam,
1662 2918 1880 3009 ejusque
1915 2935 2101 2970 curam
2142 2915 2458 2986 prtecipuam

1433 2994 1600 3065 gerit,
1652 2996 1775 3064 quia
1820 2995 1879 3048 in
1913 2993 2230 3061 Parrhasio,
2272 3004 2458 3048 monte

1431 3073 1713 3141 Arcadio,
1755 3084 1916 3128 natus
1952 3092 1981 3127 a
2017 3072 2196 3127 multis
2244 3073 2460 3127 sereba-

1428 3162 1550 3218 tur-3
1568 3172 1871 3222 quanquam
1890 3164 1945 3207 et
1975 3151 2255 3206 Cretenses
2276 3151 2328 3204 id
2348 3151 2458 3205 bo-

1428 3231 1577 3285 noris
1618 3231 1714 3286 sibi
1753 3231 2091 3286 vindicabant
2124 3250 2137 3283 ε
2166 3231 2283 3285 vide
2318 3229 2456 3284 Cal-

1431 3308 1719 3363 limachum
1738 3349 1754 3378 ,
1779 3309 1831 3363 h.
1850 3310 1971 3362 Jov.
1995 3311 2148 3375 4-10.
2173 3309 2294 3362 Hoc
2318 3326 2458 3376 quo-

1432 3408 1535 3459 que
1574 3387 1857 3441 transitum
1897 3386 2122 3455 adiuvat.
2154 3414 2220 3426 —
2246 3388 2454 3452 Impen-

1431 3470 1553 3528 sior‚
1576 3466 1777 3534 major,
1804 3474 1858 3519 et
1885 3464 2095 3534 proprie
2118 3481 2240 3517 cum
2263 3461 2455 3515 dicitur

1428 3545 1662 3609 ebrpende'.
1691 3569 1760 3583 -
1792 3545 2038 3596 Fonle‘bus
2073 3551 2128 3595 et
2154 3543 2453 3610 flumim'bns

1430 3621 1728 3675 abundabat
1745 3621 1989 3688 Arcadia,
2007 3619 2132 3674 inde
2158 3626 2335 3696 ι’ύῦδρος
2349 3618 2453 3673 dic-

1430 3712 1499 3754 ta.
1534 3700 1582 3753 E
1618 3699 1790 3754 fluviis
1828 3700 2052 3754 maxime
2083 3697 2448 3751 memorabiles

1431 3780 1613 3834 Ladon
1639 3791 1694 3834 et
1719 3779 2093 3853 Erymanthus.
2133 3779 2281 3832 Bene
2306 3797 2448 3831 non-

1431 3863 1550 3911 dum
1571 3862 1835 3920 audentia,
1859 3870 2110 3927 tanquam
2131 3855 2417 3911 animantia
2432 3891 2447 3918 ‚

1431 3955 1548 4005 qua
1576 3956 1630 3991 se
1654 3936 2003 3991 condiderant
2023 3938 2080 3990 in
2105 3936 2301 3989 viscera
2325 3947 2451 3984 ma·-

1431 4014 1524 4067 tris
1539 4054 1555 4081 ‚
1580 4034 1710 4068 vers.
1737 4018 1849 4082 ²74·
1871 4014 1957 4068 De
1980 4016 2096 4067 labi
2109 4053 2124 4077 ‚
2150 4009 2271 4064 vide
2294 4022 2448 4074 supra

1431 4088 1498 4142 ad
1518 4090 1602 4146 lib.
1630 4091 1851 4148 Metam.
1879 4091 1905 4144 1
1924 4129 1942 4158 ,
1976 4091 2084 4160 ιδῃ.

2075 4197 2153 4245 12
