2975 4784
496 382 618 471 198

1048 378 1126 442 P.
1181 378 1534 446 OVIDII
1584 376 2043 445 NASONIS

482 516 852 592 Edidicisse
882 515 1012 591 fuit
1040 545 1055 590 ε
1089 517 1376 591 fatorum
1413 545 1650 592 arcana
1683 498 1974 591 canebat.

477 637 660 729 Ergo
696 634 816 707 ubi
847 633 1170 708 vaticinos
1198 635 1508 735 concepit
1539 652 1759 708 mente
1794 634 2050 708 furores
2072 690 2091 720 ‚

2513 658 2612 726 640

482 751 897 853 Incaluitque
932 753 1118 840 Deo,
1158 781 1355 854 quem
1390 750 1687 826 clausum
1722 769 1989 852 pectore
2022 737 2314 827 habebat
2334 808 2354 839 ‚

481 868 793 968 Adspicit
827 867 1144 942 infantem
1171 897 1187 954 ;
1236 901 1271 933 «
1311 868 1604 968 Totique
1636 866 1934 942 salutifer
1963 867 2112 941 orbi

486 1015 526 1049 »
566 983 841 1070 cresce,
877 1011 1076 1083 puer,
1119 983 1329 1057 dixit':
1366 983 1489 1056 tibi
1523 1011 1592 1058 se
1626 981 1929 1057 mortalia
1958 1010 2129 1082 saepe

485 1130 524 1162 »
566 1099 864 1199 Corpora
895 1099 1242 1173 debebunt
1270 1128 1286 1172 z
1318 1098 1567 1174 animas
1600 1099 1726 1173 tibi
1761 1099 2032 1174 reddere
2066 1100 2356 1175 ademtas

484 1246 526 1281 »
563 1216 690 1289 Fas
719 1215 876 1303 erit;
915 1216 1116 1316 idque
1151 1214 1353 1290 semel
1385 1216 1511 1291 Dis
1549 1215 2059 1312 indignantibus
2091 1244 2291 1290 ausus
2311 1272 2331 1303 ‚

478 1409 683 1481 ingrata
719 1410 958 1479 eiusdem
994 1411 1111 1464 soni
1154 1411 1400 1480 repetitio
1440 1412 1497 1465 in

479 1510 672 1543 arcana
694 1493 923 1544 canebat.
948 1490 1055 1544 Sed
1073 1490 1190 1544 vide
1214 1490 1322 1544 adl
1344 1531 1358 1558 ,
1388 1512 1499 1564 ²99·

478 1597 545 1609 —
567 1569 873 1620 Ede'dtbe'ue.
907 1569 1102 1622 Noster
1133 1568 1233 1622 hoc
1257 1569 1495 1622 vocabu-

476 1647 591 1701 lum
624 1646 924 1714 srequentat
959 1666 1056 1716 pro
1078 1687 1093 1712 ,
1128 1646 1360 1714 discere,
1403 1665 1496 1699 co-

480 1743 728 1794 gnoscere
758 1763 773 1788 ,
816 1723 923 1776 Vn
946 1763 962 1789 ‚
1002 1744 1101 1797 99;
1142 1724 1279 1778 XIII
1302 1765 1317 1789 ,
1361 1724 1491 1790 246;

480 1800 704 1856 Heroid.
726 1801 833 1855 vu
850 1840 866 1868 ,
902 1804 1024 1864 1803
1050 1802 1133 1856 111
1152 1841 1166 1866 ,
1200 1802 1354 1854 Pont.
1376 1817 1491 1866 vn,

476 1883 535 1947 4,
576 1879 762 1947 quibus
799 1879 856 1931 in
886 1878 1009 1932 locis
1045 1879 1263 1932 varietas
1296 1888 1493 1932 notata.

475 1958 663 2028 Neque
683 1957 842 2014 ovid.
858 1959 1000 2013 hunc
1024 1960 1136 2028 ejus
1158 1978 1313 2011 usum
1339 1977 1493 2012 nova·

474 2038 583 2103 vit,
622 2048 683 2091 ut
717 2038 899 2090 Burm.
934 2038 1182 2108 putabat;
1222 2037 1311 2090 sed
1343 2038 1412 2091 ita
1439 2048 1495 2091 et

478 2115 592 2169 Cic.
607 2114 726 2167 Div.
746 2116 801 2181 I,
821 2118 911 2184 47,-
938 2114 1110 2169 Tibul.
1137 2115 1221 2182 II,
1242 2131 1285 2166 11
1303 2155 1318 2179 ,
1342 2136 1494 2168 12.—

470 2196 706 2248 Falorum
724 2214 917 2248 arcana
936 2198 1154 2248 canebat
1166 2237 1179 2257 ‚
1207 2204 1349 2248 vates
1364 2205 1489 2249 erat.

478 2274 669 2324 Canere
683 2271 747 2325 de
763 2273 1018 2327 vaticiniis
1033 2283 1087 2326 et
1104 2273 1322 2327 oraculis
1338 2313 1353 2341 ,
1374 2292 1490 2342 quae

473 2348 599 2402 olim
617 2350 849 2403 versibus
863 2352 1164 2421 consignata
1184 2351 1489 2405 edebantur.

473 2428 588 2481 Nec
615 2438 795 2481 tamen
824 2429 1046 2481 omnino
1069 2428 1304 2499 displicet
1329 2430 1490 2483 altera

468 2505 654 2571 lectio,
686 2509 929 2559 monebat.
962 2507 1164 2559 Monere
1186 2509 1329 2560 enim
1354 2505 1489 2577 bro-

471 2585 584 2655 prie
609 2582 858 2638 dicuntur
877 2603 987 2637 non
1008 2583 1171 2637 modo
1194 2603 1416 2654 augures
1436 2597 1490 2639 et

473 2662 732 2732 aruspices
752 2701 767 2728 ,
804 2661 896 2715 sed
935 2662 1094 2716 etiam
1135 2660 1217 2715 vel
1261 2663 1486 2716 maxime

474 2739 681 2795 oracula
707 2750 761 2793 et
781 2751 938 2795 vates.

537 2820 653 2886 640.
692 2822 972 2873 Vale’ce'nos.
998 2819 1119 2871 Hoc
1138 2819 1489 2886 restituimus,

394 2933 411 2950 0
472 2896 638 2952 MSS.
655 2896 1007 2967 plurimorum
1025 2896 1388 2950 auctoritatem
1406 2917 1494 2951 se-

472 2977 636 3045 quuti.
672 2976 923 3029 Heinsius
941 3014 957 3041 ,
984 2995 1046 3027 ex
1072 2994 1181 3027 uno
1198 2975 1487 3043 Urbinate‚

468 3056 739 3108 invexerat
739 3055 1008 3121 sanwcos.
1023 3055 1300 3120 Nonnulli,
1310 3055 1493 3123 fahei-

471 3152 580 3186 πω.
614 3132 737 3185 Non
761 3133 958 3186 mirum
983 3143 1059 3187 est
1090 3132 1201 3187 haec
1232 3133 1330 3186 tria
1354 3151 1488 3205 soepe

470 3230 579 3265 esse
618 3220 913 3279 permutata
937 3232 966 3265 a
994 3212 1230 3266 librariis.
1261 3241 1325 3252 —
1353 3207 1493 3280 E'rgo

468 3293 667 3342 ubt'etc.
692 3286 1019 3342 Describitur
1040 3290 1233 3344 mulier
1257 3315 1489 3364 flammet-

469 3377 579 3436 νὴς,
609 3366 831 3423 fatidica.
864 3370 1222 3423 vaticinantes
1246 3370 1388 3424 enim
1412 3371 1488 3423 su-

469 3465 590 3500 rore
609 3446 787 3499 divino
801 3447 948 3517 rapi,
979 3453 1265 3515 menteque
1286 3447 1489 3500 moveri

470 3522 822 3577 credebantur
837 3563 852 3589 ,
880 3522 1021 3576 unde
1036 3523 1195 3575 iidem
1214 3530 1455 3588 θιέληπτοι
1470 3564 1485 3591 ,

470 3607 813 3675 &ceppalunum
831 3642 845 3668 ,
875 3606 1179 3660 ἕνθαυσιώντες
1197 3642 1212 3667 ,
1238 3602 1486 3657 diceban·-

472 3690 571 3734 tur.
590 3677 856 3731 Dicuntur
864 3679 1025 3730 Deum
1038 3683 1482 3746 neeffleta-pectore,

469 3760 693 3809 clausum
711 3761 872 3806 tenere
880 3760 1082 3821 pectore
1097 3793 1111 3819 ,
1138 3765 1364 3810 excutere
1370 3773 1486 3824 pec-

471 3842 588 3888 !ore.
617 3831 804 3885 Senec.
824 3830 1004 3900 OEdip.
1026 3850 1157 3885 vers.
1182 3834 1277 3904 298
1297 3873 1310 3898 ,
1342 3846 1484 3890 vates

461 3918 663 3981 ,vectore
682 3914 874 3961 excuti!
891 3910 1070 3961 Deum.

538 3989 650 4057 642.
690 3989 898 4056 Tole'que
919 3987 1157 4055 salulis‘er
1177 3989 1297 4038 orbs.
1328 3985 1482 4040 Geb-

470 4066 666 4121 hardus
685 4065 807 4137 legit
823 4067 956 4126 urbi,
981 4073 1033 4117 et
1049 4063 1112 4117 de
1132 4064 1300 4117 Roma
1316 4063 1452 4133 capit
1465 4104 1480 4131 ,

472 4161 578 4211 quo
602 4143 877 4199 translatus
900 4152 1077 4213 postea
1097 4140 1364 4213 Epidauro
1385 4140 1482 4194 suit

2512 1237 2613 1305 645

1596 1411 1940 1483 AEsculapius.
1967 1411 2252 1466 Mirificam
2274 1413 2512 1481 profecto
2528 1433 2615 1467 va-

1597 1500 1705 1543 tem
1728 1490 1878 1542 nobis
1902 1489 2162 1542 exhibuit!
2191 1518 2260 1532 -
2287 1490 2466 1544 Nostri
2493 1489 2613 1544 Co-

1595 1561 1733 1619 dices
1758 1565 1910 1636 Regii
1936 1563 2134 1620 habent
2153 1573 2381 1634 (ωορκ,-
2403 1577 2615 1621 utrum-

1593 1662 1695 1713 que
1709 1655 1865 1697 recte.
1887 1645 2054 1696 Ed.—-
2063 1646 2223 1714 Tolt‘q.
2233 1646 2476 1714 saluteser
2492 1651 2611 1700 orbi.

1593 1721 1921 1791 AEsculapius
1954 1722 2098 1775 enim
2129 1721 2262 1776 adeo
2284 1734 2536 1792 prmtans
2557 1726 2610 1778 iu

1594 1799 1863 1854 Medicina
1896 1802 2027 1866 suit,
2062 1812 2121 1856 ut
2153 1802 2310 1855 etiam
2338 1803 2611 1876 Hippoly-

1593 1887 1707 1929 tum
1727 1878 1791 1930 ab
1813 1878 1994 1932 inseris
2015 1882 2333 1934 revocaverit
2355 1904 2369 1945 ;
2395 1892 2611 1951 propter

1592 1954 1731 2024 quod
1752 1975 1781 2008 a
1797 1956 1930 2009 Jove
1950 1956 2170 2011 fulmine
2186 1959 2285 2011 suit
2301 1959 2578 2012 exstinctus
2590 1997 2606 2025 ,

1591 2052 1650 2087 ac
1686 2044 1866 2104 postea
1900 2034 2048 2088 Deus
2073 2036 2303 2089 effectus.
2331 2038 2432 2088 Ed.
2457 2061 2524 2077 —-—
2558 2037 2609 2090 A

1592 2112 1749 2166 Celso
1785 2115 1841 2167 in
1881 2115 2185 2184 praefatione
2215 2156 2230 2180 ,
2283 2115 2609 2186 AEsculapius

1589 2201 1902 2244 numeratur
1917 2193 2114 2260 primus
2131 2192 2390 2258 medicus,
2419 2194 2509 2261 qui
2523 2212 2612 2245 rn-

1590 2268 1713 2321 dem
1747 2269 1919 2323 adhuc
1947 2271 2219 2325 scientiam
2255 2272 2410 2340 paulo
2444 2272 2610 2324 subti-

1588 2347 1696 2401 lius’
1726 2349 2023 2402 excoluerit.
2073 2347 2316 2403 Clinicen
2357 2350 2607 2418 reperisse

1591 2428 1817 2481 traditur
1842 2429 1905 2482 ab
1931 2430 2130 2501 Hygin.
2151 2430 2252 2482 sab.
2272 2432 2384 2498 274.
2409 2429 2480 2481 Et
2499 2448 2608 2481 no-

1588 2524 1714 2558 men
1759 2516 1912 2582 σωτὴρ
1936 2547 1950 2574 ,
2007 2506 2245 2573 saluteser
2262 2548 2275 2568 ,
2330 2508 2509 2560 multis
2555 2507 2608 2559 in

1587 2586 1822 2637 nummis
1854 2585 1901 2637 ei
1939 2585 2223 2638 tribuitur:
2260 2584 2377 2638 vide
2426 2584 2610 2662 Span-

1588 2661 1728 2715 hem.
1754 2661 1820 2714 de
1856 2662 1972 2715 Usu
1998 2674 2051 2716 et
2076 2663 2373 2732 praestantia
2397 2663 2612 2715 numis-

1591 2750 1796 2794 matum
1817 2781 1831 2808 ,
1859 2762 1909 2811 p.
1932 2742 2029 2808 416
2046 2782 2061 2808 ,
2087 2753 2139 2795 et
2158 2762 2206 2811 p.
2232 2748 2347 2796 500.
2372 2740 2612 2795 Medicus

1590 2820 1735 2871 enim
1756 2819 1874 2872 felix
1897 2825 2111 2872 salutem
2131 2821 2163 2872 i.
2184 2839 2229 2873 e.
2253 2820 2608 2874 valetudinem

1590 2896 1766 2950 reddit
1789 2897 2174 2966 aegrotantibus.

1656 2973 1770 3040 643.
1803 2975 1986 3026 Tibe'se
1998 2977 2236 3028 mortalia
2247 2983 2345 3027 ete.
2363 2973 2513 3044 Saepe
2526 2993 2608 3027 va·

1588 3051 1882 3105 letudinem
1903 3069 2186 3122 corporum
2205 3071 2424 3105 suorum
2446 3063 2501 3106 et
2517 3054 2607 3105 vi-

1589 3141 1697 3185 tam
1719 3129 1810 3184 tibi
1826 3130 2094 3185 debebunt
2109 3131 2372 3185 mortales.
2383 3159 2450 3171 —
2460 3132 2604 3184 Ani-

1587 3225 1699 3262 mas
1733 3212 1935 3262 reddere
1968 3213 2198 3262 ademlas
2218 3251 2230 3270 ‚
2274 3219 2514 3264 mortuos
2548 3210 2604 3263 in

1587 3287 1750 3339 vitam
1773 3305 2017 3339 revocare
2038 3326 2053 3352 ,
2087 3287 2290 3354 te’bv’fhs
2305 3327 2320 3350 ,
2365 3287 2603 3358 possibile

1587 3364 1714 3431 erit,
1742 3365 1795 3416 in
1823 3374 1912 3417 tua
1931 3373 2184 3434 potestate
2205 3365 2319 3416 erit.
2344 3364 2603 3418 Pindarus

1586 3441 1745 3513 Pyth.
1770 3443 1800 3494 3
1819 3481 1834 3507 ,
1860 3442 1953 3508 83,
1991 3451 2168 3494 narrat
2187 3481 2201 3503 ‚
2243 3461 2367 3494 eum
2403 3442 2603 3495 herba-

1584 3535 1706 3576 rum
1743 3518 1906 3573 succis
1924 3559 1940 3587 ,
1978 3519 2299 3572 carminibus
2316 3560 2332 3586 ‚
2365 3519 2604 3573 amuletis

1585 3608 1639 3651 et
1673 3599 1818 3651 ferro
1857 3599 2071 3651 morbos
2104 3617 2309 3652 sanasse
2329 3639 2344 3665 ,
2386 3600 2603 3652 vulnera

1585 3688 1739 3747 atque
1754 3678 1924 3732 calore
1940 3690 2029 3732 aut
2039 3680 2234 3749 frigore
2247 3679 2386 3733 male
2404 3680 2602 3734 adfecta

1582 3763 1802 3826 corpora
1831 3797 1846 3823 ,
1895 3765 2011 3811 tum
2057 3757 2270 3810 avaritia
2315 3757 2602 3812 adductum

1583 3848 1858 3891 mortuum
1896 3837 2122 3907 aliquem
2157 3838 2211 3890 in
2244 3836 2410 3890 vitam
2445 3855 2601 3891 revo-

1581 3933 1736 3967 casse.
1759 3913 1962 3967 Similia
1983 3914 2313 3986 Pherecydes
2335 3925 2390 3970 et
2406 3915 2604 3969 Hesio-

1581 3991 1679 4045 dus
1704 3993 2068 4061 tradiderunt,
2102 3993 2242 4047 unde
2273 3994 2450 4048 Schol.
2479 3995 2601 4048 Eu·-

1578 4070 1677 4140 rip.
1703 4070 1766 4123 ad
1794 4071 1905 4125 Alc.
1930 4094 1956 4125 2
1977 4112 1991 4139 ,
2019 4071 2274 4126 nonnulla
2293 4071 2480 4126 adfert.

1646 4146 1759 4213 645.
1787 4149 1954 4201 Semo!
1967 4168 2138 4202 ausus.
2157 4149 2343 4218 Quem
2365 4148 2599 4203 AEscula·
