2975 4784
574 355 707 436 324

1130 355 1210 419 P.
1273 353 1632 422 OVIDII
1694 352 2150 423 NASONIS

668 495 795 565 Est
826 492 930 565 via
966 489 1268 580 declivis,
1301 491 1565 565 funesta
1603 491 1832 566 nubila
1863 510 2059 580 tax03

573 614 778 688 Ducit
808 613 887 687 ad
924 613 1212 687 infernas
1246 642 1367 714 per
1394 631 1580 687 muta
1610 612 1873 688 silentia
1901 614 2110 688 sedes.

575 737 738 836 Styx
767 734 1044 809 nebulas
1075 734 1336 809 exhalat
1368 735 1584 823 iners;
1620 734 2002 835 umbraeque
2036 754 2329 810 recentes

572 859 1004 933 Descendunt
1034 857 1220 945 illac,
1258 856 1734 959 simulacraque
1765 857 1992 932 functa
2025 857 2367 959 sepulcris.
2604 886 2710 952 435.

573 980 827 1069 Pallor,
865 982 1227 1081 Hiemsque
1265 997 1495 1054 tenent
1523 978 1651 1054 late
1686 979 1831 1054 loca
1860 998 2089 1068 senta3
2125 982 2412 1083 novique
2440 1038 2462 1070 ‚

577 1104 731 1201 Qua
762 1103 851 1176 sit
881 1103 1041 1191 iter,
1077 1130 1334 1192 manes,
1373 1101 1668 1204 Stygiam
1701 1102 1886 1203 quod
1919 1103 2104 1177 ducit
2135 1103 2218 1176 ad
2253 1104 2488 1178 urbem
2513 1159 2534 1193 ,

575 1310 667 1364 158
690 1329 703 1362 ε
726 1312 830 1364 Per
853 1316 941 1362 lua
968 1327 1151 1378 perque
1190 1308 1444 1376 sae'sacla
1472 1328 1587 1375 pa·-

567 1392 723 1440 renlis
729 1394 861 1449 eant,
877 1386 1193 1440 emulentur
1204 1386 1407 1441 sacta-V
1421 1386 1583 1440 Trist.

572 1482 643 1518 111
656 1504 671 1532 ,
696 1487 755 1536 ²7
778 1467 896 1518 :Me
915 1483 1103 1535 quoque
1119 1507 1132 1528 ,
1156 1470 1211 1518 ,η’
1223 1465 1312 1526 sas
1330 1473 1412 1518 est
1421 1484 1589 1518 exem-

561 1550 671 1615 pleio-
694 1551 768 1598 iet
789 1547 1007 1598 Deorum
1048 1545 1230 1612 (idem
1255 1543 1438 1615 pati),
1464 1547 1589 1598 1221·-

570 1644 658 1677 tea
679 1643 791 1677 sors
815 1629 1012 1691 premit.
1051 1625 1377 1695 Quanquam
1409 1643 1588 1677 exem-

561 1704 705 1768 plum
731 1700 1003 1753 interdum
1029 1712 1083 1754 et
1106 1720 1202 1770 pro
1224 1700 1473 1770 supplicio
1497 1718 1586 1768 po·

571 1778 731 1830 nitur.
749 1776 958 1831 Phaedr.
985 1778 1096 1844 111,
1112 1794 1175 1830 vr
1192 1817 1207 1843 ‚
1237 1797 1300 1830 ao
1316 1780 1588 1844 :Iustoque

568 1858 850 1908 winda-avil
867 1858 1092 1921 exemplo
1111 1860 1373 1921 1‘mpelum‚·
1393 1872 1585 1922 nempe

572 1932 694 2003 quia
732 1950 885 2002 puina
923 1941 1138 2001 propter
1173 1930 1467 2000 exemplum
1511 1940 1589 1984 est

575 2009 876 2063 necessaria.
913 2008 1049 2061 Gen.
1075 2009 1140 2062 N.
1171 2008 1235 2060 A.
1265 2007 1345 2062 v1
1365 2048 1380 2075 ,
1425 2011 1500 2074 ι4.

642 2089 754 2152 432.
798 2088 903 2137 Est
925 2089 1011 2137 vla
1032 2087 1240 2137 declivis·
1265 2095 1361 2137 etc.
1393 2083 1585 2150 Juno,

573 2174 634 2217 ut
658 2164 748 2230 11,
775 2166 874 2236 509
890 2202 905 2230 ,
931 2162 1098 2215 auxilii
1117 2160 1332 2232 petendi
1356 2180 1507 2215 causa
1531 2123 1585 2213 iri

575 2261 785 2312 equora
801 2281 816 2308 ,
857 2241 929 2294 sic
959 2259 1105 2294 nunc
1135 2237 1198 2292 ad
1238 2239 1433 2292 inferos
1481 2237 1588 2291 de-

575 2321 790 2376 scendit.
807 2318 1036 2374 Sedebat
1055 2319 1199 2372 enim
1223 2317 1271 2370 ei
1296 2329 1422 2371 tunc
1444 2336 1589 2387 quo-

565 2418 681 2468 vque
705 2397 972 2451 sententia.
1001 2416 1014 2449 :
1044 2396 1276 2465 Superos
1301 2396 1342 2450 si
1377 2394 1592 2448 flectere

576 2483 819 2546 nequeo',
848 2473 1152 2529 Acheronta
1180 2473 1418 2526 movebo.
1466 2474 1591 2524 Vo-

571 2554 724 2609 luisse
767 2563 947 2607 autem
990 2551 1247 2607 Ovidium
1294 2552 1588 2624 inferorum

573 2650 780 2700 quoque
807 2630 1209 2699 descriptionem
1232 2629 1377 2699 operi
1389 2647 1485 2681 suo
1501 2628 1589 2681 in-

572 2728 745 2763 serere
770 2749 785 2777 ,
822 2727 933 2761 non
973 2710 1168 2761 mirum
1208 2707 1372 2760 videri
1415 2706 1588 2760 debet.

577 2786 682 2841 Sed
717 2805 812 2857 pro
850 2785 1065 2840 consilio
1102 2786 1276 2855 paucis
1313 2784 1589 2838 defunctus

574 2876 682 2931 est,
705 2883 879 2934 neque
895 2862 1027 2916 adeo
1043 2862 1163 2916 satis
1180 2862 1409 2916 distinxit
1428 2862 1587 2916 Erebi

576 2955 747 3013 partes
765 2984 778 3006 ,
825 2941 966 3011 quod
995 2941 1115 2995 fecit
1143 2940 1290 3009 Virg.
1315 2939 1441 2992 AEn.
1465 2941 1546 2991 VI
1570 2962 1585 3004 3

579 3020 663 3075 Cf.
688 3020 833 3073 idem
846 3019 1038 3088 Georg.
1062 3018 1160 3083 IV,
1178 3018 1275 3089 469
1292 3036 1435 3086 sqq.;
1466 3015 1587 3070 cut.

578 3098 705 3160 218;
731 3097 906 3152 Tibul.
925 3096 979 3160 I,
998 3110 1086 3162 111,
1108 3095 1199 3156 653
1227 3094 1402 3160 Silius,
1425 3093 1585 3161 XIII,

580 3174 676 3227 526
692 3197 705 3234 ;
723 3174 906 3229 Senec.
925 3174 1085 3226 Herc.
1098 3171 1419 3244 Fur-589.—-
1440 3133 1588 3222 Viani

578 3252 720 3306 illam
741 3253 1008 3306 arboribus
1019 3252 1272 3305 consitam
1286 3250 1454 3316 finxit,
1476 3270 1590 3320 par·

580 3333 675 3385 tim
690 3332 920 3402 caliginis
941 3331 1228 3385 efficiendae
1246 3349 1395 3383 causa
1415 3369 1429 3394 ,
1456 3348 1588 3398 par-

578 3410 675 3464 tim
694 3421 910 3479 propter
926 3409 1027 3461 luci
1050 3410 1246 3462 Averni
1264 3408 1447 3461 faciem
1462 3447 1474 3469 ,
1495 3426 1590 3476 per

580 3506 741 3557 quem
764 3497 817 3539 et
838 3488 1007 3555 ipsum
1024 3485 1193 3539 aditus
1207 3484 1271 3538 ad
1288 3485 1498 3539 inferos.
1524 3486 1584 3538 In

579 3565 720 3619 hunc
753 3582 907 3618 usum
941 3564 996 3615 in
1029 3565 1209 3632 primis
1242 3574 1360 3632 apta
1395 3570 1584 3625 latus,

578 3645 733 3696 arbor
757 3643 814 3695 in
841 3640 1064 3695 Arcadia
1085 3681 1099 3706 ,
1149 3640 1315 3698 Gallia
1347 3653 1402 3695 et
1440 3640 1591 3693 Ger-

580 3721 753 3772 mania
777 3720 903 3772 olim
924 3721 1170 3787 frequens
1189 3759 1203 3784 ,
1235 3721 1425 3773 veneni
1445 3738 1590 3789 prae-

577 3798 870 3850 sentissimi.
899 3795 1189 3850 Dioscorid.
1216 3796 1315 3862 1V,
1348 3801 1408 3867 75
1432 3820 1445 3860 ς
1483 3796 1590 3850 Jul.

585 3871 717 3927 Ces.
743 3876 802 3927 B.
823 3875 889 3928 G.
921 3875 993 3929 Vl
1014 3914 1028 3940 ,
1057 3874 1135 3926 31.
1170 3874 1312 3926 Hinc
1332 3876 1548 3942 funesla
1567 3917 1581 3938 ,

582 3969 698 4021 quae
721 3953 906 4004 funera
919 3952 1040 4005 facit
1053 3991 1068 4018 ,
1095 3951 1309 4003 letifera.
1328 3952 1593 4006 Burman-

584 4048 686 4083 nus
708 4029 887 4082 mallet
908 4048 1013 4097 que
1049 4036 1242 4082 mesta.
1286 4029 1461 4095 Huius
1494 4051 1592 4084 ar-

583 4110 722 4164 boris
745 4108 933 4164 umbra
947 4109 1027 4162 via
1044 4107 1108 4162 ad
1124 4109 1316 4162 inferos
1340 4109 1588 4165 reddeba-

1682 1314 1770 1361 tur
1783 1310 1959 1361 nube‘la
1972 1347 1986 1368 ‚
2013 1306 2230 1361 obscura
2246 1346 2262 1372 ‚
2283 1307 2438 1361 tristis
2451 1307 2704 1378 (distet),

1681 1385 1988 1455 metaphora
2013 1405 2043 1437 a
2065 1384 2191 1437 caelo
2213 1385 2440 1439 nubibus
2470 1387 2707 1441 obducto

1667 1464 1872 1533 petita,
1903 1474 1961 1516 ut
2000 1462 2165 1529 XIV,
2192 1466 2318 1530 514,
2343 1470 2496 1516 aaelm
2529 1470 2710 1518 nubile

1679 1544 1825 1593 siloc.
1837 1543 2087 1594 -Duce‘L
2100 1539 2264 1593 Deest
2273 1559 2409 1608 que,
2429 1552 2490 1594 ut
2505 1542 2529 1595 I
2545 1582 2562 1608 ,
2594 1544 2703 1615 169.

1683 1620 1806 1673 Non
1822 1619 1978 1689 igitur
1993 1630 2106 1672 erat
2125 1659 2141 1686 ,
2164 1638 2259 1672 cur
2279 1618 2470 1672 Burm.
2489 1640 2702 1675 versum

1681 1716 1854 1765 super.
1876 1697 2394 1760 tentaret—Muta,
2423 1697 2540 1751 alta.
2559 1698 2702 1751 Alibi

1681 1778 1933 1826 tact‘lma
1954 1777 2162 1826 silentzxa
2183 1794 2202 1826 .-
2225 1774 2344 1829 vide
2368 1774 2432 1826 ad
2457 1775 2545 1838 11,
2577 1776 2662 1828 56.

1748 1851 1859 1917 434.
1887 1852 2016 1922 Styx
2041 1869 2150 1904 non
2177 1852 2421 1920 objicitur
2451 1853 2600 1905 nobis
2635 1853 2706 1906 in

1682 1925 1793 1995 ipso
1809 1926 1984 1991 aditu3
2011 1939 2089 1981 est
2113 1928 2261 1981 enim
2277 1929 2484 1983 intimus
2496 1929 2708 1984 fluvio-—

1682 2021 1806 2056 rum
1832 2004 2169 2058 infernalium
2190 2027 2205 2070 3
2244 2008 2335 2060 sed
2353 2011 2536 2060 nebule
2559 2018 2709 2061 tan-

1683 2091 1797 2133 tum
1820 2082 1933 2151 ejus
1957 2095 2454 2150 commemorantur,
2467 2085 2577 2139 late
2601 2086 2710 2140 illa:

1683 2177 1886 2228 sparsae.
1895 2187 1963 2199 —
1976 2162 2120 2213 Iners
2141 2163 2345 2232 egregie
2366 2163 2534 2233 pingit
2557 2162 2710 2218 lenta

1683 2239 1857 2312 Stygis
1880 2239 2095 2293 fluenta.
2120 2241 2250 2314 Styx
2272 2245 2438 2310 enim,
2452 2245 2587 2298 limo
2600 2247 2708 2317 ple-

1683 2335 1783 2369 nus
1815 2326 1870 2369 et
1905 2316 2176 2385 turbidus,
2211 2319 2357 2373 tarde
2391 2340 2552 2390 aquas
2586 2343 2713 2377 suas

1679 2394 1875 2462 volvit,
1899 2395 2177 2467 paludique
2194 2399 2412 2452 similior
2421 2412 2519 2467 est,
2542 2422 2714 2471 quam

1683 2471 1861 2526 fluvio.
1879 2474 2066 2527 Horat.
2086 2474 2139 2529 11
2160 2515 2175 2542 ,
2208 2475 2316 2530 od.
2340 2494 2465 2544 mr,
2499 2500 2559 2547 ¹7
2579 2485 2716 2549 fiat-z

1685 2557 1817 2605 021⁶:oe
1830 2554 2071 2621 languido
2081 2557 2184 2608 Coc
2176 2558 2716 2627 stosermns.Noster.

1685 2627 1787 2694 IV,
1816 2629 1969 2682 Pont.
1995 2646 2064 2697 x,
2105 2632 2164 2684 61
2191 2672 2207 2698 ,
2242 2640 2396 2701 pigra
2421 2640 2602 2701 palus.
2642 2666 2719 2677 —

1685 2709 1930 2761 Recenles
1953 2750 1967 2772 ‚
2018 2728 2135 2779 quae
2167 2709 2329 2764 modo
2372 2729 2720 2770 excesserunt

1684 2802 1902 2853 corpore
1923 2826 1938 2853 ,
1961 2805 2085 2840 mox
2106 2794 2228 2841 noni
2242 2808 2427 2841 manes.
2440 2817 2511 2830 —
2537 2793 2724 2846 saa-w-

1683 2861 1850 2925 Ιαὲνα,
1879 2871 2048 2919 siml«
2070 2903 2086 2932 ,
2111 2885 2327 2937 corpora
2342 2866 2426 2920 itta
2440 2886 2585 2922 vana
2600 2909 2615 2936 ,
2641 2871 2721 2924 de

1686 2941 1872 3010 quibus
1887 2942 1951 2996 ad
1971 2964 2178 2999 versum
2197 2948 2306 3013 443.
2321 2975 2386 2987 -
2399 2947 2604 3001 Vincta
2623 2971 2722 3003 se-

1676 3021 1899 3084 pulc-retr,
1947 3022 2147 3092 sepulta
2173 3031 2227 3075 et
2246 3022 2474 3076 humata.
2518 3028 2720 3080 Iones

1682 3100 1932 3162 sepultos,
1967 3098 2716 3169 virg.AEn.1V‚34.1uhn-—

1685 3176 1839 3231 matis
1869 3196 1978 3231 non
2003 3178 2187 3234 licebat
2213 3179 2431 3234 transire
2455 3180 2714 3255 Stygem.

1753 3255 1866 3320 435.
1881 3259 2068 3318 Pallor,
2086 3259 2364 3325 Hie-mque.
2380 3257 2447 3304 V'
2433 3262 2718 3327 1rg.etiam

1687 3328 1946 3400 Luctum,
1974 3332 2174 3394 curas,
2204 3334 2421 3388 Morbos
2442 3356 2518 3389 eo
2543 3340 2724 3393 tollo-

1686 3420 1782 3463 cat.
1821 3414 2025 3464 Pallida
2044 3432 2197 3479 regna
2215 3414 2554 3483 inferorum,
2583 3418 2728 3471 ΕΒ-

1688 3487 1862 3554 VIII,
1890 3491 2000 3556 244.
2035 3518 2101 3530 ——
2129 3493 2270 3543 Loca
2294 3498 2466 3554 senta,
2509 3494 2724 3550 incuh-

1688 3574 1741 3616 et
1763 3583 1970 3655 aspera,
1995 3566 2052 3618 in
2078 3568 2264 3657 quibus
2285 3587 2401 3620 noae
2416 3569 2724 3641 ,adeoque

1688 3640 1914 3708 regionis
1928 3641 2098 3695 illius·
2084 3645 2283 3713 ignari,
2306 3663 2590 3700 mne-rm
2613 3650 2730 3702 iter

1687 3718 1996 3789 investigare
2011 3732 2243 3789 possunt,
2261 3722 2403 3791 quod
2419 3722 2596 3791 ducit,
2609 3739 2736 3782 etr-

1687 3821 1754 3837 ·—·
1773 3801 1888 3862 Qua
1903 3803 2090 3852 sititet.
2110 3800 2360 3854 Heinsius
2374 3804 2740 3872 conjecturat

1686 3894 1788 3944 qna
1799 3879 1982 3941 file'Ier,
1999 3888 2052 3930 et
2075 3877 2214 3932 delet
2235 3899 2445 3934 versum
2470 3902 2742 3951 sequen-

1690 3966 1798 4008 tem
1813 3996 1829 4023 ‚
1847 3966 1904 4008 ιιι
1927 3955 2026 4009 hoe
2041 3956 2270 4024 dicatur,
2295 3958 2397 4012 iter
2411 3970 2584 4014 tot-m
2611 3965 2748 4019 oh-

1689 4032 1843 4088 sideri
1865 4054 1893 4087 a
1907 4035 2054 4088 novis
2077 4037 2332 4092 manibus.
2359 4038 2748 4098 Burmannus

1688 4123 1871 4167 contra
1885 4124 2068 4168 monet
2083 4154 2100 4184 ‚
2117 4116 2431 4171 vocabulum
2439 4121 2564 4170 nort·
2573 4136 2748 4185 pos-
