2975 4784
557 352 685 396 212

1116 326 1196 392 P.
1251 322 2107 402 OVIDILNASONIS

550 467 1094 570 suppliciumque
1127 493 1322 541 suum
1359 484 1504 541 est:
1536 467 1831 569 quamvis
1868 483 2086 542 tamen
2121 468 2351 544 oderat
2381 469 2560 545 illam
2580 527 2599 559 ,

545 588 827 667 Talibus
862 588 1079 664 adfata
1110 605 1213 662 est
1241 589 1532 664 breviter
1561 589 1871 664 Tritonia
1904 590 2145 665 dictis:

551 746 588 779 «
628 711 824 787 Infice
855 711 1009 786 tabe
1043 730 1157 787 tua
1189 730 1494 788 natarum
1531 713 1847 816 Cecropis
1880 741 2122 802 unam;

550 872 586 904 »
626 838 736 912 Sic
767 866 937 940 opus
964 856 1064 912 est
1096 868 1113 913 ε
1142 836 1475 935 Aglauros
1504 866 1577 911 ea
1604 855 1725 912 est.
1760 872 1796 905 »
1829 838 2030 913 Haud
2056 837 2251 941 plura
2274 838 2532 931 locuta,
2562 862 2660 932 785

539 960 778 1057 Fugit,
818 978 884 1035 et
912 962 1229 1063 impressa
1265 959 1569 1036 tellurem
1602 959 1902 1063 reppulit
1931 961 2139 1036 hasta.

537 1081 661 1158 Illa
698 1085 905 1158 Deam
939 1083 1219 1184 obliquo
1252 1082 1614 1179 fugientem
1641 1082 1891 1158 lumine
1925 1109 2201 1158 cernens
2222 1140 2242 1173 ‚

540 1207 885 1279 Murmura
924 1234 1121 1307 parva
1154 1204 1336 1278 dedit
1365 1236 1381 1294 ;
1419 1233 2008 1307 successurumque
2037 1207 2353 1281 Minervae

537 1328 878 1417 Indoluit;
914 1328 1357 1430 baculumque
1392 1330 1605 1431 capit3
1641 1330 1829 1432 qnod
1863 1331 2095 1433 spinea
2130 1348 2348 1405 totum

537 1522 601 1576 ad
640 1521 898 1578 Invidiam
933 1522 1285 1576 tabescentem
1319 1519 1553 1574 transla—

536 1612 668 1654 tum.
692 1599 798 1653 Sed
829 1599 1016 1653 eadem
1054 1611 1108 1654 et
1142 1603 1338 1666 caepit,
1383 1619 1550 1669 quum

533 1679 599 1732 de
632 1677 1006 1732 existimatione
1043 1677 1265 1731 aliorum
1305 1676 1549 1731 detrahit.

532 1755 669 1808 Plin.
699 1755 757 1818 1,
783 1754 882 1823 Ep.
911 1769 986 1805 lx.

596 1832 706 1902 782.
721 1833 1023 1900 Supplecium
1037 1840 1133 1883 etc.
1147 1832 1399 1884 Isocrates
1409 1829 1541 1882 Eva·

531 1927 670 1979 gorae
692 1948 708 1974 ,
745 1928 854 1978 cap.
894 1929 957 1974 α,
996 1906 1205 1960 invidia
1234 1906 1335 1961 hoc
1371 1926 1543 1961 unum

528 1988 694 2041 inesse
721 1988 792 2041 ait
818 1987 1019 2058 bqnum
1042 2025 1057 2053 ,
1097 1990 1165 2041 ὅτι
1191 1990 1386 2055 μέγιςον
1408 1990 1541 2040 &aab

527 2078 620 2126 τοῖς
652 2071 836 2135 ’ἔχουσίν
859 2069 973 2130 ε’ςιν.
995 2092 1062 2126 -,-
1080 2065 1230 2117 Suum
1250 2071 1342 2115 esl.
1364 2063 1543 2116 Hein-

522 2143 627 2197 sius
654 2143 880 2197 malebat
907 2148 996 2196 sui
1024 2148 1117 2194 est.
1151 2141 1493 2195 Burmannus
1522 2179 1539 2208 ,

523 2221 566 2273 si
592 2219 717 2289 quid
742 2229 970 2273 mutaret
987 2258 1003 2285 ,
1028 2219 1207 2272 mallet
1229 2222 1337 2271 sibi
1358 2224 1450 2271 esi.
1473 2245 1542 2258 --

528 2298 711 2350 Odium
731 2295 855 2350 illud
882 2315 1003 2349 mox
1028 2295 1272 2366 preclare
1294 2306 1540 2350 notatum

520 2385 575 2427 et
604 2375 856 2428 brevitate
890 2384 944 2427 et
968 2374 1274 2427 confusione
1313 2372 1540 2443 quadam

519 2453 804 2506 verborum
820 2492 835 2517 ,
862 2469 965 2520 qua
991 2453 1246 2519 Aglauros
1277 2469 1343 2503 ea
1372 2458 1455 2503 est
1481 2450 1538 2503 in

521 2530 688 2583 finem
706 2529 978 2598 rejectum.
998 2525 1254 2596 Corrupit
1274 2527 1384 2582 hec
1401 2526 1538 2582 nod.

516 2611 723 2662 Hoesse
764 2608 855 2658 der
899 2607 1157 2673 Aglaum
1193 2645 1208 2668 ‚
1273 2610 1412 2658 einer
1453 2608 1544 2657 der

528 2686 770 2737 Toecbler
780 2685 870 2734 des
890 2685 1107 2749 Cecrops
1122 2722 1136 2744 ,
1160 2684 1278 2735 dein
1305 2681 1428 2750 Gist
1440 2687 1539 2734 ein.

516 2789 584 2801 —·
612 2763 841 2814 Tritonia
860 2758 988 2812 vela
1007 2765 1144 2835 epa-d»
1159 2798 1172 2823 ,
1192 2758 1333 2826 quod
1361 2758 1537 2828 lingua

518 2838 747 2893 Cretum
778 2844 934 2906 caput
958 2836 1246 2906 significan
1292 2855 1357 2890 eo
1391 2837 1536 2906 quod

519 2937 547 2970 e
571 2918 737 2987 oepite
753 2916 903 2970 Jovis
927 2925 1049 2969 nata
1069 2915 1165 2978 sit3
1190 2914 1272 2967 vel
1298 2933 1326 2968 a
1347 2914 1536 2984 palude

520 2994 744 3047 Tritone
780 2994 989 3066 Libya,
1034 2992 1180 3061 iuxta
1217 3011 1378 3062 qnam
1414 3005 1538 3048 nata

515 3083 594 3126 est
611 3112 627 3140 ,
652 3074 741 3125 ubi
763 3078 997 3142 stagna...
1011 3077 1180 3141 quiem
1211 3075 1393 3126 Vultus
1408 3078 1543 3128 mvn

516 3169 654 3217 aqua
667 3189 681 3208 ‚
706 3157 976 3219 posuitque
992 3155 1048 3203 in
1067 3154 1533 3219 numnquam,

514 3230 591 3279 E!
597 3245 655 3279 se
666 3230 854 3280 dilecta
876 3230 1139 3282 Tritonida
1153 3231 1290 3281 dixit
1297 3232 1365 3280 ab
1381 3232 1535 3283 unda.

517 3304 712 3358 Lucan.
724 3304 812 3357 lib.
828 3306 908 3359 lx
923 3346 939 3374 ,
959 3308 1072 3361 352.
1087 3310 1185 3361 Ed.
1205 3308 1369 3362 -De
1385 3313 1524 3372 labe,

515 3395 610 3435 seu
631 3401 841 3435 veneno
855 3422 872 3450 ‚
897 3384 1017 3438 vide
1043 3385 1107 3437 ad
1126 3386 1239 3453 111,
1270 3389 1349 3459 49.
1366 3413 1434 3428 —-
1448 3388 1536 3440 Sic

513 3477 640 3524 opus
676 3467 786 3520 esi,
830 3469 890 3512 ut
924 3461 949 3513 l
972 3499 987 3524 ,
1026 3481 1137 3533 ²79·
1178 3489 1248 3503 —
1281 3466 1536 3533 lupa-ssa

513 3537 693 3603 hasta,
718 3548 780 3590 nt
800 3538 909 3589 vim
934 3536 1153 3592 adderet
1173 3543 1378 3609 corpori
1397 3562 1451 3596 se
1474 3543 1532 3595 in

518 3628 639 3662 aera
649 3612 853 3665 tollenti
866 3623 954 3678 ‚ut
968 3612 1066 3677 IV,
1085 3633 1182 3679 7¹⁰
1195 3637 1209 3678 ς
1224 3617 1363 3671 VIII
1377 3659 1391 3686 ‚
1409 3619 1528 3674 366:

513 3688 737 3738 tellurem
765 3692 1006 3756 reppulit,
1033 3690 1155 3755 quia
1177 3692 1284 3760 ipsa
1314 3697 1532 3766 aufugit.

513 3761 693 3816 Poetis
723 3761 835 3815 loca
870 3766 1091 3815 recedere
1123 3777 1213 3819 aut
1245 3775 1423 3834 repelli
1447 3773 1532 3825 di·-

513 3847 710 3892 cuntur
739 3856 769 3890 a
792 3838 980 3905 quibus
1006 3840 1104 3908 ipsi
1138 3842 1356 3897 abimus.
1389 3849 1530 3902 Vide

517 3914 582 3969 ad
608 3913 687 3966 xl
703 3952 720 3978 ,
744 3913 857 3979 465.

578 3994 689 4063 788.
714 3994 974 4045 Humum
985 4010 1161 4057 pana.
1188 3994 1372 4050 Heius.
1396 4017 1530 4052 con-

1647 1521 1779 1576 Mox
1825 1519 2083 1574 'vivianus
2125 1540 2189 1575 ex
2232 1520 2338 1575 suis
2363 1560 2380 1589 ,
2427 1539 2664 1576 successu

1645 1619 1870 1668 namque.
1891 1601 1970 1653 lta
1990 1611 2043 1653 et
2062 1600 2262 1670 primus
2282 1597 2482 1654 Medic.
2506 1611 2562 1655 et
2582 1602 2662 1656 alii

1643 1676 1888 1731 nonnulli
1933 1677 2157 1731 Heinsii.
2194 1677 2255 1731 Id
2301 1677 2505 1733 dictum
2542 1720 2558 1747 ‚
2606 1691 2660 1734 ut

1640 1754 1751 1808 vll
1771 1795 1785 1822 ,
1830 1756 1997 1808 dolui!
2027 1774 2263 1809 successu
2281 1759 2432 1825 stara
2472 1763 2659 1826 w'raego.

1641 1831 1881 1902 Quidam
1894 1852 1958 1885 ex
1977 1833 2421 1902 prestantior-ibus
2436 1875 2451 1902 ,
2466 1855 2659 1889 succes·

1635 1914 1778 1963 sibus
1795 1917 1946 1979 atque
1962 1919 2051 1963 aut
2062 1929 2230 1979 usque.
2255 1912 2415 1964 Prior
2433 1913 2627 1983 Regius
2640 1954 2658 1981 ,

1635 2005 1900 2041 successus
1918 2006 2142 2055 namque.
2172 1988 2408 2042 Florent.
2434 1990 2490 2044 S.
2513 1991 2660 2044 Mar-

1636 2064 1683 2119 ci
1701 2105 1717 2132 ,
1753 2083 2038 2118 successum
2060 2069 2244 2135 ulique.
2269 2066 2524 2120 Heinsius
2543 2088 2662 2122 rna·

1634 2141 1694 2196 lit
1720 2162 1783 2197 ex
1805 2141 2179 2196 emendatione
2220 2141 2430 2197 viviani
2453 2165 2663 2200 sncces-

1633 2239 1897 2288 sorumque
1918 2239 1934 2273 .·
1953 2239 2196 2286 successo
2226 2221 2371 2286 enim
2396 2221 2583 2278 dixiaee
2608 2236 2664 2280 et

1639 2301 1752 2356 Cic.
1776 2301 1909 2356 xvl
1927 2342 1942 2368 ‚
1970 2300 2035 2356 ad
2063 2301 2185 2356 Div.
2211 2323 2268 2356 αι
2293 2326 2309 2369 3
2335 2316 2390 2360 et
2405 2325 2663 2362 successo·

1634 2399 1742 2432 rum
1760 2382 1983 2433 indoluit
1996 2379 2197 2434 dictum
2211 2420 2228 2449 ‚
2254 2392 2314 2435 ut
2333 2391 2664 2440 mendae·-

1634 2457 1783 2527 cujus
1808 2467 1861 2510 et
1897 2457 2100 2511 similia.
2137 2486 2205 2501 —·
2239 2456 2376 2513 Cod.
2405 2460 2540 2532 neg.
2580 2464 2660 2531 A,

1632 2554 1897 2589 successus
1919 2542 2071 2604 alque
2091 2538 2364 2604 Μἰεννσς
2407 2537 2549 2593 Cod.
2577 2542 2623 2596 Β
2644 2583 2661 2608 ‚

1632 2614 1963 2664 successibus.
2021 2610 2269 2666 Emenda
2316 2633 2664 2669 successorum

1634 2707 1730 2757 pro
1743 2707 2088 2742 successurum
2101 2730 2115 2753 ,
2139 2690 2280 2760 quod
2295 2690 2340 2746 si
2355 2693 2484 2762 qnid
2497 2694 2666 2765 signi-

1633 2765 1773 2833 ficat,
1789 2776 2095 2821 contortum
2113 2779 2211 2836 est,
2224 2780 2278 2823 et
2294 2770 2520 2841 ellipsim
2537 2774 2665 2827 inu-

1630 2845 1837 2899 sitatam
1869 2843 2111 2916 postulat.
2144 2850 2244 2902 Ed.
2275 2878 2343 2890 —
2376 2852 2665 2908 Successu-

1629 2940 1830 2990 rumque
1846 2923 2105 2976 miserm.
2121 2923 2356 2978 Indoluit
2370 2966 2386 2994 ,
2401 2947 2664 2984 successu·

1631 3018 1753 3052 rum
1770 2999 2033 3056 Minerva
2046 3005 2325 3059 consilium
2340 3006 2407 3061 de
2421 3007 2664 3079 Aglauro

1628 3075 1839 3130 invidie
1851 3096 2063 3133 veneno
2079 3081 2379 3136 inficienda.
2389 3113 2460 3127 —-
2472 3088 2666 3154 &inea

1628 3158 1865 3218 w'ncula,
1891 3156 2087 3225 spinae;
2112 3178 2238 3211 nam
2262 3160 2520 3232 quidquid
2542 3186 2666 3221 rem

1629 3230 1793 3283 ambit
1819 3270 1834 3297 ,
1883 3231 2048 3303 cingit
2072 3273 2088 3300 ,
2129 3240 2387 3290 whculun
2421 3238 2625 3296 dicitur
2643 3283 2660 3310 ,

1627 3309 1771 3363 unde
1795 3330 1907 3364 non
1931 3332 2053 3365 raro
2084 3313 2151 3367 de
2186 3318 2399 3370 coronis
2420 3321 2662 3389 ponitur.

1628 3386 1716 3440 Sic
1734 3387 1881 3442 facile
1905 3408 2083 3444 carere
2105 3411 2383 3462 possumus
2401 3398 2662 3453 emenda-

1626 3464 1856 3519 tionibus
1891 3467 2272 3538 Interpretum.
2311 3474 2481 3541 δρία.
2511 3497 2661 3550 sym-

1624 3541 1808 3595 bolum
1819 3544 2095 3614 cruciatus,
2113 3567 2276 3617 quem
2286 3561 2524 3606 ereat—
2542 3557 2660 3608 To·

1623 3626 1730 3673 tun
1755 3640 1866 3673 non
1897 3632 2039 3675 caret
2066 3625 2118 3677 vi
2137 3664 2154 3692 ,
2190 3645 2368 3697 neque
2398 3631 2536 3684 adeo
2564 3644 2644 3687 te·

1623 3716 1771 3751 mere
1780 3698 2184 3756 sollicitandum.
2202 3703 2480 3762 Ceterum
2493 3710 2659 3764 etiam

1622 3778 1857 3828 baculum
1874 3777 1926 3828 in
1948 3797 2045 3831 usu
2061 3781 2160 3835 suit
2174 3822 2189 3848 ,
2208 3794 2269 3837 nt
2286 3783 2444 3840 docet
2465 3787 2656 3842 Heius.

1622 3852 1690 3905 ad
1717 3854 1831 3924 687.
1855 3884 1923 3897 —
1953 3861 2172 3915 Vincula
2206 3865 2462 3921 Heinsius
2492 3867 2656 3922 habet

1619 3943 1937 4000 suspectum.
1991 3936 2272 3995 Secundus
2305 3943 2507 3999 Medic.
2553 3964 2656 4016 pro

1619 4004 1822 4062 diversa
1845 4011 1963 4066 lert.
1989 4021 2211 4085 cingula.
2236 4021 2354 4091 Ipse
2383 4024 2525 4092 conj.
2547 4045 2652 4078 nn·

508 4071 736 4139 iectus-at
758 4070 1016 4124 Herma
1036 4091 1195 4125 rauca
1209 4112 1224 4136 ‚
1268 4072 1352 4125 vel
1388 4093 1527 4129 moa.
1612 4088 1736 4149 ‘ula
1755 4093 2016 4157 angebat,
2048 4105 2110 4149 nt
2135 4097 2269 4167 ipsas
2292 4101 2467 4168 spinas
2492 4113 2650 4160 vocet
