<?xml version="1.0" encoding="UTF-8"?>
<!DOCTYPE html PUBLIC "-//W3C//DTD XHTML 1.0 Transitional//EN"
    "http://www.w3.org/TR/xhtml1/DTD/xhtml1-transitional.dtd">
<html xmlns="http://www.w3.org/1999/xhtml" xml:lang="en" lang="en">
 <head>
  <title>
</title>
<meta http-equiv="Content-Type" content="text/html;charset=utf-8" />
  <meta name='ocr-system' content='tesseract 3.04.00' />
  <meta name='ocr-capabilities' content='ocr_page ocr_carea ocr_par ocr_line ocrx_word'/>
</head>
<body>
  <div class='ocr_page' id='page_1' title='image "./publiiovidiinas04unkngoog_0247.png"; bbox 0 0 2975 4784; ppageno 0'>
   <div class='ocr_carea' id='block_1_1' title="bbox 338 269 2121 526">
    <p class='ocr_par' dir='ltr' id='par_1_1' title="bbox 338 269 2121 526">
     <span class='ocr_line' id='line_1_1' title="bbox 676 269 2121 370; baseline 0.003 -4"><span class='ocrx_word' id='word_1_1' title='bbox 676 269 1717 367; x_wconf 74' lang='lat' dir='ltr'>METAMoRPno&#39;sEoN</span> <span class='ocrx_word' id='word_1_2' title='bbox 1765 302 1957 370; x_wconf 72' lang='grc' dir='ltr'>ΜΒ.</span> <span class='ocrx_word' id='word_1_3' title='bbox 2016 304 2121 370; x_wconf 93' lang='lat'>11.</span> 
     </span>
     <span class='ocr_line' id='line_1_2' title="bbox 338 423 2001 526; baseline 0.001 -26"><span class='ocrx_word' id='word_1_4' title='bbox 338 423 570 500; x_wconf 89' lang='lat' dir='ltr'>Pallor</span> <span class='ocrx_word' id='word_1_5' title='bbox 597 423 672 498; x_wconf 90' lang='lat' dir='ltr'>in</span> <span class='ocrx_word' id='word_1_6' title='bbox 708 451 822 499; x_wconf 89' lang='lat' dir='ltr'>ore</span> <span class='ocrx_word' id='word_1_7' title='bbox 856 423 1082 512; x_wconf 85' lang='lat' dir='ltr'>sedet;</span> <span class='ocrx_word' id='word_1_8' title='bbox 1119 424 1357 498; x_wconf 89' lang='lat' dir='ltr'>macies</span> <span class='ocrx_word' id='word_1_9' title='bbox 1388 425 1460 497; x_wconf 92' lang='lat' dir='ltr'>in</span> <span class='ocrx_word' id='word_1_10' title='bbox 1494 452 1771 526; x_wconf 88' lang='lat' dir='ltr'>corpore</span> <span class='ocrx_word' id='word_1_11' title='bbox 1807 445 1952 501; x_wconf 89' lang='lat' dir='ltr'>toto</span> <span class='ocrx_word' id='word_1_12' title='bbox 1983 458 2001 517; x_wconf 91' lang='lat'>;</span> 
     </span>
    </p>
   </div>
   <div class='ocr_carea' id='block_1_2' title="bbox 2333 328 2456 371">
    <p class='ocr_par' dir='ltr' id='par_1_2' title="bbox 2333 328 2456 371">
     <span class='ocr_line' id='line_1_3' title="bbox 2333 328 2456 371; baseline -0.016 0"><span class='ocrx_word' id='word_1_13' title='bbox 2333 328 2456 371; x_wconf 80' lang='lat'>211</span> 
     </span>
    </p>
   </div>
   <div class='ocr_carea' id='block_1_3' title="bbox 2372 451 2473 520">
    <p class='ocr_par' dir='ltr' id='par_1_3' title="bbox 2372 451 2473 520">
     <span class='ocr_line' id='line_1_4' title="bbox 2372 451 2473 520; baseline 0 0"><span class='ocrx_word' id='word_1_14' title='bbox 2372 451 2473 520; x_wconf 77' lang='lat'>775</span> 
     </span>
    </p>
   </div>
   <div class='ocr_carea' id='block_1_4' title="bbox 338 539 2108 982">
    <p class='ocr_par' dir='ltr' id='par_1_4' title="bbox 338 539 2108 982">
     <span class='ocr_line' id='line_1_5' title="bbox 338 539 2023 644; baseline 0 -27"><span class='ocrx_word' id='word_1_15' title='bbox 338 545 696 644; x_wconf 75' lang='lat' dir='ltr'><strong>Nusquam</strong></span> <span class='ocrx_word' id='word_1_16' title='bbox 723 558 901 614; x_wconf 90' lang='lat' dir='ltr'>recta</span> <span class='ocrx_word' id='word_1_17' title='bbox 934 541 1141 628; x_wconf 89' lang='lat' dir='ltr'>acies;</span> <span class='ocrx_word' id='word_1_18' title='bbox 1174 539 1380 614; x_wconf 87' lang='lat' dir='ltr'>livent</span> <span class='ocrx_word' id='word_1_19' title='bbox 1410 541 1717 637; x_wconf 83' lang='lat' dir='ltr'>rubigine</span> <span class='ocrx_word' id='word_1_20' title='bbox 1751 544 1977 618; x_wconf 86' lang='lat' dir='ltr'>dentes</span> <span class='ocrx_word' id='word_1_21' title='bbox 2006 575 2023 632; x_wconf 79' lang='lat'><em>3</em></span> 
     </span>
     <span class='ocr_line' id='line_1_6' title="bbox 340 655 2108 752; baseline 0 -18"><span class='ocrx_word' id='word_1_22' title='bbox 340 660 624 734; x_wconf 80' lang='lat' dir='ltr'>Pectora</span> <span class='ocrx_word' id='word_1_23' title='bbox 655 655 805 731; x_wconf 82' lang='lat' dir='ltr'>selle</span> <span class='ocrx_word' id='word_1_24' title='bbox 841 657 1098 744; x_wconf 78' lang='lat' dir='ltr'>virent3</span> <span class='ocrx_word' id='word_1_25' title='bbox 1133 655 1361 752; x_wconf 86' lang='lat' dir='ltr'>lingua</span> <span class='ocrx_word' id='word_1_26' title='bbox 1391 672 1494 729; x_wconf 89' lang='lat' dir='ltr'>est</span> <span class='ocrx_word' id='word_1_27' title='bbox 1522 657 1776 733; x_wconf 81' lang='lat' dir='ltr'>suffusa</span> <span class='ocrx_word' id='word_1_28' title='bbox 1810 687 2060 734; x_wconf 85' lang='lat' dir='ltr'>veneno</span> <span class='ocrx_word' id='word_1_29' title='bbox 2091 690 2108 750; x_wconf 90' lang='grc'><strong>;</strong></span> 
     </span>
     <span class='ocr_line' id='line_1_7' title="bbox 347 770 1998 872; baseline -0.002 -20"><span class='ocrx_word' id='word_1_30' title='bbox 347 776 556 852; x_wconf 83' lang='lat' dir='ltr'>Risus</span> <span class='ocrx_word' id='word_1_31' title='bbox 586 773 810 860; x_wconf 85' lang='lat' dir='ltr'>abest,</span> <span class='ocrx_word' id='word_1_32' title='bbox 848 770 981 844; x_wconf 88' lang='lat' dir='ltr'>nisi</span> <span class='ocrx_word' id='word_1_33' title='bbox 1019 800 1215 872; x_wconf 88' lang='lat' dir='ltr'>quem</span> <span class='ocrx_word' id='word_1_34' title='bbox 1245 772 1370 844; x_wconf 83' lang='lat' dir='ltr'>visi</span> <span class='ocrx_word' id='word_1_35' title='bbox 1396 799 1657 847; x_wconf 85' lang='lat' dir='ltr'>movere</span> <span class='ocrx_word' id='word_1_36' title='bbox 1691 774 1998 863; x_wconf 82' lang='lat' dir='ltr'>dolores3</span> 
     </span>
     <span class='ocr_line' id='line_1_8' title="bbox 348 886 2016 982; baseline 0.001 -18"><span class='ocrx_word' id='word_1_37' title='bbox 348 893 490 965; x_wconf 84' lang='lat' dir='ltr'>Nec</span> <span class='ocrx_word' id='word_1_38' title='bbox 524 889 771 963; x_wconf 81' lang='lat' dir='ltr'>fruitur</span> <span class='ocrx_word' id='word_1_39' title='bbox 801 914 1081 974; x_wconf 84' lang='lat' dir='ltr'>somno,</span> <span class='ocrx_word' id='word_1_40' title='bbox 1119 886 1513 982; x_wconf 79' lang='lat' dir='ltr'>vigilacibus</span> <span class='ocrx_word' id='word_1_41' title='bbox 1550 890 1757 963; x_wconf 80' lang='lat' dir='ltr'>excita</span> <span class='ocrx_word' id='word_1_42' title='bbox 1792 892 1968 965; x_wconf 86' lang='lat' dir='ltr'>curis</span> <span class='ocrx_word' id='word_1_43' title='bbox 1999 920 2016 978; x_wconf 93' lang='lat'>;</span> 
     </span>
    </p>
   </div>
   <div class='ocr_carea' id='block_1_5' title="bbox 354 1003 1938 1104">
    <p class='ocr_par' dir='ltr' id='par_1_5' title="bbox 354 1003 1938 1104">
     <span class='ocr_line' id='line_1_9' title="bbox 354 1003 1938 1104; baseline -0.002 -23"><span class='ocrx_word' id='word_1_44' title='bbox 354 1006 488 1081; x_wconf 88' lang='lat' dir='ltr'>Sed</span> <span class='ocrx_word' id='word_1_45' title='bbox 518 1005 697 1079; x_wconf 84' lang='lat' dir='ltr'>videt</span> <span class='ocrx_word' id='word_1_46' title='bbox 728 1005 1062 1100; x_wconf 77' lang='lat' dir='ltr'>ingratoS‚</span> <span class='ocrx_word' id='word_1_47' title='bbox 1093 1003 1576 1104; x_wconf 80' lang='lat' dir='ltr'>intabescitque</span> <span class='ocrx_word' id='word_1_48' title='bbox 1609 1005 1898 1078; x_wconf 83' lang='lat' dir='ltr'>videndo</span> <span class='ocrx_word' id='word_1_49' title='bbox 1918 1062 1938 1094; x_wconf 87' lang='lat'>,</span> 
     </span>
    </p>
   </div>
   <div class='ocr_carea' id='block_1_6' title="bbox 2385 1036 2483 1103">
    <p class='ocr_par' dir='ltr' id='par_1_6' title="bbox 2385 1036 2483 1103">
     <span class='ocr_line' id='line_1_10' title="bbox 2385 1036 2483 1103; baseline 0 -16"><span class='ocrx_word' id='word_1_50' title='bbox 2385 1036 2483 1103; x_wconf 78' lang='lat'>780</span> 
     </span>
    </p>
   </div>
   <div class='ocr_carea' id='block_1_7' title="bbox 355 1118 2170 1221">
    <p class='ocr_par' dir='ltr' id='par_1_7' title="bbox 355 1118 2170 1221">
     <span class='ocr_line' id='line_1_11' title="bbox 355 1118 2170 1221; baseline 0 -25"><span class='ocrx_word' id='word_1_51' title='bbox 355 1122 714 1196; x_wconf 85' lang='lat' dir='ltr'>Successus</span> <span class='ocrx_word' id='word_1_52' title='bbox 744 1118 1091 1193; x_wconf 78' lang='lat' dir='ltr'>hominurn</span> <span class='ocrx_word' id='word_1_53' title='bbox 1132 1147 1149 1207; x_wconf 84' lang='lat'>3</span> <span class='ocrx_word' id='word_1_54' title='bbox 1188 1120 1536 1220; x_wconf 76' lang='lat' dir='ltr'>carpitque</span> <span class='ocrx_word' id='word_1_55' title='bbox 1569 1138 1635 1194; x_wconf 92' lang='lat' dir='ltr'>et</span> <span class='ocrx_word' id='word_1_56' title='bbox 1669 1122 1966 1221; x_wconf 83' lang='lat' dir='ltr'>carpitur</span> <span class='ocrx_word' id='word_1_57' title='bbox 1999 1152 2130 1196; x_wconf 87' lang='lat' dir='ltr'>una</span> <span class='ocrx_word' id='word_1_58' title='bbox 2150 1179 2170 1211; x_wconf 86' lang='lat'>‚</span> 
     </span>
    </p>
   </div>
   <div class='ocr_carea' id='block_1_8' title="bbox 356 1299 1404 3631">
    <p class='ocr_par' dir='ltr' id='par_1_8' title="bbox 356 1299 1394 2544">
     <span class='ocr_line' id='line_1_12' title="bbox 356 1299 1374 1373; baseline -0.004 -16"><span class='ocrx_word' id='word_1_59' title='bbox 356 1301 799 1373; x_wconf 66' lang='lat' dir='ltr'>prestantioribus</span> <span class='ocrx_word' id='word_1_60' title='bbox 813 1303 936 1355; x_wconf 84' lang='lat' dir='ltr'>Deae</span> <span class='ocrx_word' id='word_1_61' title='bbox 949 1300 1004 1353; x_wconf 88' lang='lat' dir='ltr'>in</span> <span class='ocrx_word' id='word_1_62' title='bbox 1018 1304 1121 1353; x_wconf 73' lang='lat' dir='ltr'>ima</span> <span class='ocrx_word' id='word_1_63' title='bbox 1133 1299 1374 1353; x_wconf 77' lang='lat' dir='ltr'>mutavit.</span> 
     </span>
     <span class='ocr_line' id='line_1_13' title="bbox 358 1379 1377 1449; baseline -0.005 -14"><span class='ocrx_word' id='word_1_64' title='bbox 358 1382 564 1435; x_wconf 80' lang='lat' dir='ltr'>Verum</span> <span class='ocrx_word' id='word_1_65' title='bbox 598 1399 668 1434; x_wconf 86' lang='lat' dir='ltr'>ne</span> <span class='ocrx_word' id='word_1_66' title='bbox 698 1380 769 1434; x_wconf 88' lang='lat' dir='ltr'>sic</span> <span class='ocrx_word' id='word_1_67' title='bbox 799 1379 1013 1449; x_wconf 88' lang='lat' dir='ltr'>quidem</span> <span class='ocrx_word' id='word_1_68' title='bbox 1045 1379 1188 1432; x_wconf 87' lang='lat' dir='ltr'>locus</span> <span class='ocrx_word' id='word_1_69' title='bbox 1219 1397 1377 1432; x_wconf 85' lang='lat' dir='ltr'>sanus</span> 
     </span>
     <span class='ocr_line' id='line_1_14' title="bbox 358 1456 1378 1513; baseline -0.006 0"><span class='ocrx_word' id='word_1_70' title='bbox 358 1460 499 1513; x_wconf 76' lang='lat' dir='ltr'>visus</span> <span class='ocrx_word' id='word_1_71' title='bbox 526 1469 605 1513; x_wconf 79' lang='lat' dir='ltr'>est</span> <span class='ocrx_word' id='word_1_72' title='bbox 631 1458 757 1511; x_wconf 85' lang='lat' dir='ltr'>Intt.</span> <span class='ocrx_word' id='word_1_73' title='bbox 789 1458 998 1511; x_wconf 78' lang='lat' dir='ltr'>offensis</span> <span class='ocrx_word' id='word_1_74' title='bbox 1022 1456 1247 1509; x_wconf 80' lang='lat' dir='ltr'>formula</span> <span class='ocrx_word' id='word_1_75' title='bbox 1268 1459 1378 1508; x_wconf 72' lang='lat' dir='ltr'>wl-</span> 
     </span>
     <span class='ocr_line' id='line_1_15' title="bbox 356 1535 1379 1601; baseline -0.006 -9"><span class='ocrx_word' id='word_1_76' title='bbox 356 1545 462 1592; x_wconf 76' lang='lat' dir='ltr'>tum</span> <span class='ocrx_word' id='word_1_77' title='bbox 501 1539 680 1590; x_wconf 74' lang='lat' dir='ltr'>ducere</span> <span class='ocrx_word' id='word_1_78' title='bbox 699 1539 777 1588; x_wconf 81' lang='lat' dir='ltr'>ad</span> <span class='ocrx_word' id='word_1_79' title='bbox 792 1540 1026 1601; x_wconf 76' lang='lat' dir='ltr'>suspitia.</span> <span class='ocrx_word' id='word_1_80' title='bbox 1055 1535 1227 1587; x_wconf 83' lang='lat' dir='ltr'>Faber</span> <span class='ocrx_word' id='word_1_81' title='bbox 1248 1552 1379 1587; x_wconf 87' lang='lat' dir='ltr'>cor·-</span> 
     </span>
     <span class='ocr_line' id='line_1_16' title="bbox 357 1615 1375 1685; baseline -0.006 -15"><span class='ocrx_word' id='word_1_82' title='bbox 357 1617 509 1685; x_wconf 74' lang='lat' dir='ltr'>rigit.</span> <span class='ocrx_word' id='word_1_83' title='bbox 536 1620 767 1683; x_wconf 76' lang='lat' dir='ltr'>w&#39;susque</span> <span class='ocrx_word' id='word_1_84' title='bbox 782 1619 935 1667; x_wconf 85' lang='lat' dir='ltr'>decor</span> <span class='ocrx_word' id='word_1_85' title='bbox 944 1618 1167 1680; x_wconf 63' lang='lat' dir='ltr'>suspida</span> <span class='ocrx_word' id='word_1_86' title='bbox 1192 1615 1375 1676; x_wconf 65' lang='lat' dir='ltr'>duxit,</span> 
     </span>
     <span class='ocr_line' id='line_1_17' title="bbox 358 1692 1375 1758; baseline -0.005 -9"><span class='ocrx_word' id='word_1_87' title='bbox 358 1695 488 1749; x_wconf 80' lang='lat' dir='ltr'>satis</span> <span class='ocrx_word' id='word_1_88' title='bbox 521 1694 805 1748; x_wconf 75' lang='lat' dir='ltr'>infeliciter.</span> <span class='ocrx_word' id='word_1_89' title='bbox 852 1694 1194 1746; x_wconf 82' lang='lat' dir='ltr'>Burmannus</span> <span class='ocrx_word' id='word_1_90' title='bbox 1223 1692 1333 1744; x_wconf 78' lang='lat' dir='ltr'>vult</span> <span class='ocrx_word' id='word_1_91' title='bbox 1359 1731 1375 1758; x_wconf 95' lang='lat'>,</span> 
     </span>
     <span class='ocr_line' id='line_1_18' title="bbox 360 1774 1381 1839; baseline -0.005 -13"><span class='ocrx_word' id='word_1_92' title='bbox 360 1775 447 1826; x_wconf 81' lang='lat' dir='ltr'>ad</span> <span class='ocrx_word' id='word_1_93' title='bbox 464 1774 742 1839; x_wconf 71' lang='lat' dir='ltr'>cultumque</span> <span class='ocrx_word' id='word_1_94' title='bbox 763 1774 888 1824; x_wconf 80' lang='lat' dir='ltr'>Dee</span> <span class='ocrx_word' id='word_1_95' title='bbox 910 1789 1044 1838; x_wconf 81' lang='lat' dir='ltr'>susp.</span> <span class='ocrx_word' id='word_1_96' title='bbox 1064 1775 1249 1835; x_wconf 66' lang='lat' dir='ltr'>morit,-</span> <span class='ocrx_word' id='word_1_97' title='bbox 1274 1787 1381 1822; x_wconf 88' lang='lat' dir='ltr'>uon</span> 
     </span>
     <span class='ocr_line' id='line_1_19' title="bbox 361 1847 1386 1917; baseline -0.007 -12"><span class='ocrx_word' id='word_1_98' title='bbox 361 1850 541 1905; x_wconf 87' lang='lat' dir='ltr'>multo</span> <span class='ocrx_word' id='word_1_99' title='bbox 558 1847 1024 1902; x_wconf 65' lang='lat' dir='ltr'>meliusschirach.</span> <span class='ocrx_word' id='word_1_100' title='bbox 1036 1847 1264 1917; x_wconf 86' lang='lat' dir='ltr'>denique</span> <span class='ocrx_word' id='word_1_101' title='bbox 1281 1865 1386 1899; x_wconf 88' lang='lat' dir='ltr'>ma·</span> 
     </span>
     <span class='ocr_line' id='line_1_20' title="bbox 360 1930 1383 1997; baseline -0.006 -12"><span class='ocrx_word' id='word_1_102' title='bbox 360 1931 505 1985; x_wconf 83' lang='lat' dir='ltr'>lebat</span> <span class='ocrx_word' id='word_1_103' title='bbox 519 1953 547 1997; x_wconf 72' lang='lat'>,¹</span> <span class='ocrx_word' id='word_1_104' title='bbox 570 1931 651 1982; x_wconf 80' lang='lat' dir='ltr'>ad</span> <span class='ocrx_word' id='word_1_105' title='bbox 667 1933 948 1997; x_wconf 75' lang='lat' dir='ltr'>vultumque</span> <span class='ocrx_word' id='word_1_106' title='bbox 969 1930 1094 1980; x_wconf 74' lang='lat' dir='ltr'>Dee</span> <span class='ocrx_word' id='word_1_107' title='bbox 1121 1947 1163 1980; x_wconf 84' lang='lat' dir='ltr'>s.</span> <span class='ocrx_word' id='word_1_108' title='bbox 1200 1931 1353 1980; x_wconf 74' lang='lat' dir='ltr'>duxit</span> <span class='ocrx_word' id='word_1_109' title='bbox 1370 1967 1383 1986; x_wconf 85' lang='lat'>.</span> 
     </span>
     <span class='ocr_line' id='line_1_21' title="bbox 368 2004 1388 2078; baseline -0.003 -17"><span class='ocrx_word' id='word_1_110' title='bbox 368 2027 529 2078; x_wconf 83' lang='lat' dir='ltr'>quam</span> <span class='ocrx_word' id='word_1_111' title='bbox 576 2007 693 2061; x_wconf 86' lang='lat' dir='ltr'>lect.</span> <span class='ocrx_word' id='word_1_112' title='bbox 739 2026 863 2059; x_wconf 85' lang='lat' dir='ltr'>sane</span> <span class='ocrx_word' id='word_1_113' title='bbox 910 2004 1185 2059; x_wconf 83' lang='lat' dir='ltr'>confirmat</span> <span class='ocrx_word' id='word_1_114' title='bbox 1225 2004 1388 2076; x_wconf 78' lang='lat' dir='ltr'>glossa</span> 
     </span>
     <span class='ocr_line' id='line_1_22' title="bbox 375 2084 1387 2151; baseline -0.003 -11"><span class='ocrx_word' id='word_1_115' title='bbox 375 2086 513 2140; x_wconf 84' lang='lat' dir='ltr'>Cod.</span> <span class='ocrx_word' id='word_1_116' title='bbox 538 2086 685 2139; x_wconf 82' lang='lat' dir='ltr'>Leid.</span> <span class='ocrx_word' id='word_1_117' title='bbox 711 2084 821 2138; x_wconf 78' lang='lat' dir='ltr'>haec</span> <span class='ocrx_word' id='word_1_118' title='bbox 857 2104 873 2137; x_wconf 76' lang='lat' dir='ltr'><em>z</em></span> <span class='ocrx_word' id='word_1_119' title='bbox 911 2088 1093 2138; x_wconf 81' lang='lat' dir='ltr'>Vultus</span> <span class='ocrx_word' id='word_1_120' title='bbox 1119 2086 1244 2137; x_wconf 75' lang='lat' dir='ltr'>Dee</span> <span class='ocrx_word' id='word_1_121' title='bbox 1255 2089 1387 2151; x_wconf 75' lang='lat' dir='ltr'>pul-</span> 
     </span>
     <span class='ocr_line' id='line_1_23' title="bbox 370 2162 1389 2230; baseline -0.007 -15"><span class='ocrx_word' id='word_1_122' title='bbox 370 2166 624 2216; x_wconf 68' lang='lat' dir='ltr'>cher-rim</span> <span class='ocrx_word' id='word_1_123' title='bbox 632 2162 748 2230; x_wconf 84' lang='lat' dir='ltr'>suit</span> <span class='ocrx_word' id='word_1_124' title='bbox 766 2180 929 2213; x_wconf 78' lang='lat' dir='ltr'>cansa</span> <span class='ocrx_word' id='word_1_125' title='bbox 942 2202 955 2222; x_wconf 88' lang='lat'><strong>‚</strong></span> <span class='ocrx_word' id='word_1_126' title='bbox 993 2179 1086 2212; x_wconf 78' lang='lat' dir='ltr'>cue·</span> <span class='ocrx_word' id='word_1_127' title='bbox 1104 2164 1389 2225; x_wconf 81' lang='lat' dir='ltr'>suspiraret.</span> 
     </span>
     <span class='ocr_line' id='line_1_24' title="bbox 374 2237 1389 2310; baseline -0.007 -15"><span class='ocrx_word' id='word_1_128' title='bbox 374 2239 486 2295; x_wconf 87' lang='lat' dir='ltr'>Sed</span> <span class='ocrx_word' id='word_1_129' title='bbox 529 2240 608 2293; x_wconf 91' lang='lat' dir='ltr'>ille</span> <span class='ocrx_word' id='word_1_130' title='bbox 646 2239 926 2310; x_wconf 79' lang='lat' dir='ltr'>glossator,</span> <span class='ocrx_word' id='word_1_131' title='bbox 980 2237 1051 2292; x_wconf 86' lang='lat' dir='ltr'>sic</span> <span class='ocrx_word' id='word_1_132' title='bbox 1085 2255 1389 2290; x_wconf 78' lang='lat' dir='ltr'>succurrere</span> 
     </span>
     <span class='ocr_line' id='line_1_25' title="bbox 368 2316 1394 2382; baseline -0.007 -11"><span class='ocrx_word' id='word_1_133' title='bbox 368 2318 538 2372; x_wconf 79' lang='lat' dir='ltr'>voluit</span> <span class='ocrx_word' id='word_1_134' title='bbox 572 2316 779 2371; x_wconf 85' lang='lat' dir='ltr'>lectioni</span> <span class='ocrx_word' id='word_1_135' title='bbox 813 2317 1042 2369; x_wconf 68' lang='lat' dir='ltr'>obscurae</span> <span class='ocrx_word' id='word_1_136' title='bbox 1062 2354 1077 2382; x_wconf 89' lang='lat'>,</span> <span class='ocrx_word' id='word_1_137' title='bbox 1111 2316 1394 2382; x_wconf 80' lang='lat' dir='ltr'>vultumque</span> 
     </span>
     <span class='ocr_line' id='line_1_26' title="bbox 366 2390 1391 2464; baseline -0.008 -15"><span class='ocrx_word' id='word_1_138' title='bbox 366 2398 511 2449; x_wconf 77' lang='lat' dir='ltr'>Dee.</span> <span class='ocrx_word' id='word_1_139' title='bbox 544 2424 611 2436; x_wconf 90' lang='lat'>—</span> <span class='ocrx_word' id='word_1_140' title='bbox 641 2396 765 2448; x_wconf 88' lang='lat' dir='ltr'>Jam</span> <span class='ocrx_word' id='word_1_141' title='bbox 791 2395 961 2464; x_wconf 88' lang='lat' dir='ltr'>prima</span> <span class='ocrx_word' id='word_1_142' title='bbox 988 2390 1207 2447; x_wconf 75' lang='lat' dir='ltr'>Invidiae</span> <span class='ocrx_word' id='word_1_143' title='bbox 1231 2408 1391 2443; x_wconf 85' lang='lat' dir='ltr'>com-</span> 
     </span>
     <span class='ocr_line' id='line_1_27' title="bbox 367 2475 1388 2544; baseline -0.009 -14"><span class='ocrx_word' id='word_1_144' title='bbox 367 2476 541 2530; x_wconf 85' lang='lat' dir='ltr'>motio</span> <span class='ocrx_word' id='word_1_145' title='bbox 582 2475 956 2544; x_wconf 83' lang='lat' dir='ltr'>interponitur</span> <span class='ocrx_word' id='word_1_146' title='bbox 988 2475 1100 2525; x_wconf 85' lang='lat' dir='ltr'>Ima</span> <span class='ocrx_word' id='word_1_147' title='bbox 1135 2475 1388 2537; x_wconf 79' lang='lat' dir='ltr'>suspiria,</span> 
     </span>
    </p>

    <p class='ocr_par' dir='ltr' id='par_1_9' title="bbox 367 2551 1404 3631">
     <span class='ocr_line' id='line_1_28' title="bbox 367 2551 1394 2624; baseline -0.01 -16"><span class='ocrx_word' id='word_1_148' title='bbox 367 2572 485 2624; x_wconf 76' lang='lat' dir='ltr'>quae</span> <span class='ocrx_word' id='word_1_149' title='bbox 512 2551 785 2606; x_wconf 86' lang='lat' dir='ltr'>ducuntur</span> <span class='ocrx_word' id='word_1_150' title='bbox 815 2571 878 2604; x_wconf 82' lang='lat' dir='ltr'>ex</span> <span class='ocrx_word' id='word_1_151' title='bbox 915 2551 1024 2603; x_wconf 87' lang='lat' dir='ltr'>imo</span> <span class='ocrx_word' id='word_1_152' title='bbox 1059 2557 1299 2618; x_wconf 85' lang='lat' dir='ltr'>pectore,</span> <span class='ocrx_word' id='word_1_153' title='bbox 1332 2555 1394 2598; x_wconf 95' lang='lat' dir='ltr'>ut</span> 
     </span>
     <span class='ocr_line' id='line_1_29' title="bbox 367 2623 1392 2698; baseline -0.011 -12"><span class='ocrx_word' id='word_1_154' title='bbox 367 2637 481 2686; x_wconf 81' lang='lat' dir='ltr'>alta</span> <span class='ocrx_word' id='word_1_155' title='bbox 522 2635 779 2698; x_wconf 75' lang='lat' dir='ltr'>suspiria,</span> <span class='ocrx_word' id='word_1_156' title='bbox 821 2626 1171 2691; x_wconf 80' lang='lat' dir='ltr'>Claudianus,</span> <span class='ocrx_word' id='word_1_157' title='bbox 1203 2625 1299 2690; x_wconf 90' lang='lat'>11,</span> <span class='ocrx_word' id='word_1_158' title='bbox 1336 2623 1392 2675; x_wconf 88' lang='lat' dir='ltr'>in</span> 
     </span>
     <span class='ocr_line' id='line_1_30' title="bbox 368 2704 1397 2779; baseline -0.013 -14"><span class='ocrx_word' id='word_1_159' title='bbox 368 2711 597 2779; x_wconf 80' lang='lat' dir='ltr'>Eutrop.</span> <span class='ocrx_word' id='word_1_160' title='bbox 624 2709 724 2760; x_wconf 85' lang='lat'>530</span> <span class='ocrx_word' id='word_1_161' title='bbox 743 2746 760 2772; x_wconf 85' lang='lat'>,</span> <span class='ocrx_word' id='word_1_162' title='bbox 795 2725 911 2775; x_wconf 80' lang='lat' dir='ltr'>quae</span> <span class='ocrx_word' id='word_1_163' title='bbox 928 2705 1195 2759; x_wconf 84' lang='lat' dir='ltr'>ducuntur</span> <span class='ocrx_word' id='word_1_164' title='bbox 1207 2706 1316 2754; x_wconf 83' lang='lat' dir='ltr'>alto</span> <span class='ocrx_word' id='word_1_165' title='bbox 1331 2704 1397 2754; x_wconf 82' lang='lat' dir='ltr'>de</span> 
     </span>
     <span class='ocr_line' id='line_1_31' title="bbox 368 2779 1395 2851; baseline -0.012 -9"><span class='ocrx_word' id='word_1_166' title='bbox 368 2793 551 2851; x_wconf 80' lang='lat' dir='ltr'>corde,</span> <span class='ocrx_word' id='word_1_167' title='bbox 589 2797 651 2839; x_wconf 89' lang='lat' dir='ltr'>ut</span> <span class='ocrx_word' id='word_1_168' title='bbox 687 2784 815 2837; x_wconf 81' lang='lat' dir='ltr'>dixit</span> <span class='ocrx_word' id='word_1_169' title='bbox 844 2784 1070 2849; x_wconf 82' lang='lat' dir='ltr'>Noster,</span> <span class='ocrx_word' id='word_1_170' title='bbox 1104 2799 1257 2834; x_wconf 78' lang='lat' dir='ltr'>versu</span> <span class='ocrx_word' id='word_1_171' title='bbox 1279 2779 1395 2832; x_wconf 81' lang='lat'>622.</span> 
     </span>
     <span class='ocr_line' id='line_1_32' title="bbox 369 2856 1398 2926; baseline -0.013 -5"><span class='ocrx_word' id='word_1_172' title='bbox 369 2867 407 2920; x_wconf 87' lang='lat' dir='ltr'>J</span> <span class='ocrx_word' id='word_1_173' title='bbox 411 2886 497 2920; x_wconf 87' lang='lat' dir='ltr'>am</span> <span class='ocrx_word' id='word_1_174' title='bbox 513 2870 692 2918; x_wconf 83' lang='lat' dir='ltr'>ducere</span> <span class='ocrx_word' id='word_1_175' title='bbox 707 2866 895 2915; x_wconf 78' lang='lat' dir='ltr'>vultum</span> <span class='ocrx_word' id='word_1_176' title='bbox 915 2863 991 2913; x_wconf 75' lang='lat' dir='ltr'>ad</span> <span class='ocrx_word' id='word_1_177' title='bbox 999 2863 1218 2926; x_wconf 78' lang='lat' dir='ltr'>suspiria</span> <span class='ocrx_word' id='word_1_178' title='bbox 1233 2898 1247 2920; x_wconf 88' lang='lat'><strong><em>‚</em></strong></span> <span class='ocrx_word' id='word_1_179' title='bbox 1280 2856 1398 2909; x_wconf 81' lang='lat' dir='ltr'>vul-</span> 
     </span>
     <span class='ocr_line' id='line_1_33' title="bbox 372 2934 1397 3011; baseline -0.014 -12"><span class='ocrx_word' id='word_1_180' title='bbox 372 2957 493 3000; x_wconf 88' lang='lat' dir='ltr'>tum</span> <span class='ocrx_word' id='word_1_181' title='bbox 516 2959 839 3011; x_wconf 83' lang='lat' dir='ltr'>componere</span> <span class='ocrx_word' id='word_1_182' title='bbox 864 2937 1195 2991; x_wconf 87' lang='lat' dir='ltr'>accomodate</span> <span class='ocrx_word' id='word_1_183' title='bbox 1216 2934 1397 3003; x_wconf 85' lang='lat' dir='ltr'>suspi-</span> 
     </span>
     <span class='ocr_line' id='line_1_34' title="bbox 374 3011 1397 3089; baseline -0.013 -13"><span class='ocrx_word' id='word_1_184' title='bbox 374 3024 469 3076; x_wconf 79' lang='lat' dir='ltr'>riis</span> <span class='ocrx_word' id='word_1_185' title='bbox 486 3062 502 3088; x_wconf 99' lang='lat'>,</span> <span class='ocrx_word' id='word_1_186' title='bbox 528 3019 749 3089; x_wconf 83' lang='lat' dir='ltr'>suspiria</span> <span class='ocrx_word' id='word_1_187' title='bbox 761 3017 910 3070; x_wconf 81' lang='lat' dir='ltr'>vultu</span> <span class='ocrx_word' id='word_1_188' title='bbox 933 3034 1141 3085; x_wconf 85' lang='lat' dir='ltr'>quoque</span> <span class='ocrx_word' id='word_1_189' title='bbox 1156 3011 1397 3083; x_wconf 80' lang='lat' dir='ltr'>prodere.</span> 
     </span>
     <span class='ocr_line' id='line_1_35' title="bbox 383 3089 1396 3166; baseline -0.014 -12"><span class='ocrx_word' id='word_1_190' title='bbox 383 3100 671 3154; x_wconf 77' lang='lat' dir='ltr'>Suetonius</span> <span class='ocrx_word' id='word_1_191' title='bbox 692 3095 941 3166; x_wconf 86' lang='lat' dir='ltr'>quidem,</span> <span class='ocrx_word' id='word_1_192' title='bbox 976 3093 1093 3147; x_wconf 86' lang='lat' dir='ltr'>Tib.</span> <span class='ocrx_word' id='word_1_193' title='bbox 1113 3093 1208 3157; x_wconf 81' lang='grc'>68,</span> <span class='ocrx_word' id='word_1_194' title='bbox 1237 3089 1396 3156; x_wconf 88' lang='lat' dir='ltr'>dixit,</span> 
     </span>
     <span class='ocr_line' id='line_1_36' title="bbox 381 3170 1400 3240; baseline -0.014 -9"><span class='ocrx_word' id='word_1_195' title='bbox 381 3180 629 3231; x_wconf 74' lang='lat' dir='ltr'>adducere</span> <span class='ocrx_word' id='word_1_196' title='bbox 639 3178 846 3235; x_wconf 73' lang='lat' dir='ltr'>vultum,</span> <span class='ocrx_word' id='word_1_197' title='bbox 864 3171 927 3225; x_wconf 83' lang='lat' dir='ltr'>ad</span> <span class='ocrx_word' id='word_1_198' title='bbox 945 3170 1247 3240; x_wconf 79' lang='lat' dir='ltr'>gravitatem</span> <span class='ocrx_word' id='word_1_199' title='bbox 1261 3184 1400 3220; x_wconf 87' lang='lat' dir='ltr'>com-</span> 
     </span>
     <span class='ocr_line' id='line_1_37' title="bbox 380 3246 1401 3328; baseline -0.017 -17"><span class='ocrx_word' id='word_1_200' title='bbox 380 3275 619 3328; x_wconf 83' lang='lat' dir='ltr'>ponere,</span> <span class='ocrx_word' id='word_1_201' title='bbox 646 3253 737 3306; x_wconf 87' lang='lat' dir='ltr'>ubi</span> <span class='ocrx_word' id='word_1_202' title='bbox 755 3250 978 3305; x_wconf 79' lang='lat' dir='ltr'>Casaub.</span> <span class='ocrx_word' id='word_1_203' title='bbox 994 3255 1294 3315; x_wconf 85' lang='lat' dir='ltr'>comparat,</span> <span class='ocrx_word' id='word_1_204' title='bbox 1318 3246 1401 3295; x_wconf 81' lang='lat' dir='ltr'>ob-</span> 
     </span>
     <span class='ocr_line' id='line_1_38' title="bbox 379 3326 1404 3398; baseline -0.016 -7"><span class='ocrx_word' id='word_1_205' title='bbox 379 3340 562 3391; x_wconf 79' lang='lat' dir='ltr'>ducere</span> <span class='ocrx_word' id='word_1_206' title='bbox 580 3338 805 3398; x_wconf 78' lang='lat' dir='ltr'>vultum,</span> <span class='ocrx_word' id='word_1_207' title='bbox 838 3330 906 3383; x_wconf 87' lang='lat' dir='ltr'>ad</span> <span class='ocrx_word' id='word_1_208' title='bbox 932 3326 1229 3381; x_wconf 78' lang='lat' dir='ltr'>moestitiam</span> <span class='ocrx_word' id='word_1_209' title='bbox 1253 3343 1404 3378; x_wconf 85' lang='lat' dir='ltr'>com-</span> 
     </span>
     <span class='ocr_line' id='line_1_39' title="bbox 381 3404 1402 3484; baseline -0.017 -16"><span class='ocrx_word' id='word_1_210' title='bbox 381 3432 599 3484; x_wconf 87' lang='lat' dir='ltr'>ponere.</span> <span class='ocrx_word' id='word_1_211' title='bbox 624 3410 694 3463; x_wconf 79' lang='lat' dir='ltr'>Et</span> <span class='ocrx_word' id='word_1_212' title='bbox 716 3409 951 3471; x_wconf 89' lang='lat' dir='ltr'>Seneca,</span> <span class='ocrx_word' id='word_1_213' title='bbox 973 3404 1071 3474; x_wconf 89' lang='lat' dir='ltr'>Ep.</span> <span class='ocrx_word' id='word_1_214' title='bbox 1097 3404 1189 3468; x_wconf 85' lang='lat'>58,</span> <span class='ocrx_word' id='word_1_215' title='bbox 1214 3405 1402 3453; x_wconf 80' lang='lat' dir='ltr'>vultum</span> 
     </span>
     <span class='ocr_line' id='line_1_40' title="bbox 380 3478 1404 3548; baseline -0.012 -4"><span class='ocrx_word' id='word_1_216' title='bbox 380 3494 596 3544; x_wconf 75' lang='lat' dir='ltr'>adducit</span> <span class='ocrx_word' id='word_1_217' title='bbox 629 3490 706 3539; x_wconf 81' lang='lat' dir='ltr'>ad</span> <span class='ocrx_word' id='word_1_218' title='bbox 734 3481 1214 3538; x_wconf 69' lang='lat' dir='ltr'>trittitmm.1·1anc</span> <span class='ocrx_word' id='word_1_219' title='bbox 1244 3478 1404 3548; x_wconf 85' lang='lat' dir='ltr'>igitur</span> 
     </span>
     <span class='ocr_line' id='line_1_41' title="bbox 382 3556 1404 3631; baseline -0.015 -9"><span class='ocrx_word' id='word_1_220' title='bbox 382 3568 669 3621; x_wconf 83' lang='lat' dir='ltr'>lectionem</span> <span class='ocrx_word' id='word_1_221' title='bbox 684 3564 914 3617; x_wconf 87' lang='lat' dir='ltr'>multum</span> <span class='ocrx_word' id='word_1_222' title='bbox 931 3561 1151 3631; x_wconf 63' lang='lat' dir='ltr'>prefero</span> <span class='ocrx_word' id='word_1_223' title='bbox 1160 3556 1404 3610; x_wconf 86' lang='lat' dir='ltr'>omnibus</span> 
     </span>
    </p>
   </div>
   <div class='ocr_carea' id='block_1_9' title="bbox 384 3637 1405 3796">
    <p class='ocr_par' dir='ltr' id='par_1_10' title="bbox 384 3637 1405 3796">
     <span class='ocr_line' id='line_1_42' title="bbox 384 3637 1405 3712; baseline -0.014 -10"><span class='ocrx_word' id='word_1_224' title='bbox 384 3645 847 3702; x_wconf 80' lang='lat' dir='ltr'>emendationibus</span> <span class='ocrx_word' id='word_1_225' title='bbox 885 3639 1186 3712; x_wconf 88' lang='lat' dir='ltr'>propositis,</span> <span class='ocrx_word' id='word_1_226' title='bbox 1220 3637 1405 3707; x_wconf 85' lang='lat' dir='ltr'>quibus</span> 
     </span>
     <span class='ocr_line' id='line_1_43' title="bbox 384 3715 1404 3796; baseline -0.014 -16"><span class='ocrx_word' id='word_1_227' title='bbox 384 3727 643 3796; x_wconf 87' lang='lat' dir='ltr'>repetitur</span> <span class='ocrx_word' id='word_1_228' title='bbox 679 3733 890 3776; x_wconf 83' lang='lat' dir='ltr'>tantum</span> <span class='ocrx_word' id='word_1_229' title='bbox 931 3717 1070 3788; x_wconf 89' lang='lat' dir='ltr'>quod</span> <span class='ocrx_word' id='word_1_230' title='bbox 1114 3725 1269 3787; x_wconf 87' lang='lat' dir='ltr'>poeta</span> <span class='ocrx_word' id='word_1_231' title='bbox 1297 3715 1404 3784; x_wconf 85' lang='lat' dir='ltr'>jam</span> 
     </span>
    </p>
   </div>
   <div class='ocr_carea' id='block_1_10' title="bbox 391 3805 1411 3955">
    <p class='ocr_par' dir='ltr' id='par_1_11' title="bbox 391 3805 1411 3955">
     <span class='ocr_line' id='line_1_44' title="bbox 391 3805 607 3859; baseline -0.005 0"><span class='ocrx_word' id='word_1_232' title='bbox 391 3805 607 3859; x_wconf 83' lang='lat' dir='ltr'>dixerat.</span> 
     </span>
     <span class='ocr_line' id='line_1_45' title="bbox 455 3874 1411 3955; baseline -0.016 -17"><span class='ocrx_word' id='word_1_233' title='bbox 455 3889 567 3955; x_wconf 80' lang='lat'>775.</span> <span class='ocrx_word' id='word_1_234' title='bbox 594 3884 845 3936; x_wconf 75' lang='lat' dir='ltr'>panorm</span> <span class='ocrx_word' id='word_1_235' title='bbox 869 3898 954 3931; x_wconf 77' lang='lat' dir='ltr'>ote</span> <span class='ocrx_word' id='word_1_236' title='bbox 973 3879 1127 3929; x_wconf 81' lang='lat' dir='ltr'>sedet.</span> <span class='ocrx_word' id='word_1_237' title='bbox 1158 3874 1265 3927; x_wconf 88' lang='lat' dir='ltr'>Ubi</span> <span class='ocrx_word' id='word_1_238' title='bbox 1283 3891 1411 3942; x_wconf 90' lang='lat' dir='ltr'>pro-</span> 
     </span>
    </p>
   </div>
   <div class='ocr_carea' id='block_1_11' title="bbox 392 3952 1410 4111">
    <p class='ocr_par' dir='ltr' id='par_1_12' title="bbox 392 3952 1410 4111">
     <span class='ocr_line' id='line_1_46' title="bbox 392 3952 1410 4035; baseline -0.016 -17"><span class='ocrx_word' id='word_1_239' title='bbox 392 3964 506 4035; x_wconf 85' lang='lat' dir='ltr'>pius</span> <span class='ocrx_word' id='word_1_240' title='bbox 554 3961 808 4026; x_wconf 64' lang='lat' dir='ltr'>arcessit,</span> <span class='ocrx_word' id='word_1_241' title='bbox 844 3961 1016 4011; x_wconf 81' lang='lat' dir='ltr'>forma</span> <span class='ocrx_word' id='word_1_242' title='bbox 1054 3956 1168 4023; x_wconf 79' lang='lat' dir='ltr'>ejus</span> <span class='ocrx_word' id='word_1_243' title='bbox 1206 3952 1410 4005; x_wconf 85' lang='lat' dir='ltr'>descri-</span> 
     </span>
     <span class='ocr_line' id='line_1_47' title="bbox 394 4031 1409 4111; baseline -0.014 -15"><span class='ocrx_word' id='word_1_244' title='bbox 394 4043 550 4098; x_wconf 84' lang='lat' dir='ltr'>bitur.</span> <span class='ocrx_word' id='word_1_245' title='bbox 578 4041 767 4111; x_wconf 82' lang='lat' dir='ltr'>Quam</span> <span class='ocrx_word' id='word_1_246' title='bbox 782 4039 917 4093; x_wconf 90' lang='lat' dir='ltr'>bene</span> <span class='ocrx_word' id='word_1_247' title='bbox 934 4055 996 4090; x_wconf 89' lang='lat' dir='ltr'>ea</span> <span class='ocrx_word' id='word_1_248' title='bbox 1007 4032 1294 4104; x_wconf 86' lang='lat' dir='ltr'>composita</span> <span class='ocrx_word' id='word_1_249' title='bbox 1313 4031 1409 4100; x_wconf 88' lang='lat' dir='ltr'>sit,</span> 
     </span>
    </p>
   </div>
   <div class='ocr_carea' id='block_1_12' title="bbox 1471 1302 2573 4111">
    <p class='ocr_par' dir='ltr' id='par_1_13' title="bbox 1471 1302 2573 4106">
     <span class='ocr_line' id='line_1_48' title="bbox 1471 1302 2489 1378; baseline 0.009 -24"><span class='ocrx_word' id='word_1_250' title='bbox 1471 1302 1620 1356; x_wconf 78' lang='lat' dir='ltr'>facile</span> <span class='ocrx_word' id='word_1_251' title='bbox 1645 1306 1874 1373; x_wconf 81' lang='lat' dir='ltr'>reperies</span> <span class='ocrx_word' id='word_1_252' title='bbox 1894 1345 1909 1371; x_wconf 95' lang='lat'>,</span> <span class='ocrx_word' id='word_1_253' title='bbox 1947 1306 1989 1360; x_wconf 88' lang='lat' dir='ltr'>si</span> <span class='ocrx_word' id='word_1_254' title='bbox 2011 1307 2318 1375; x_wconf 78' lang='lat' dir='ltr'>cogitaveris</span> <span class='ocrx_word' id='word_1_255' title='bbox 2335 1348 2349 1373; x_wconf 91' lang='lat'>,</span> <span class='ocrx_word' id='word_1_256' title='bbox 2376 1329 2489 1378; x_wconf 64' lang='lat' dir='ltr'>qua</span> 
     </span>
     <span class='ocr_line' id='line_1_49' title="bbox 1474 1380 2492 1452; baseline 0.01 -20"><span class='ocrx_word' id='word_1_257' title='bbox 1474 1380 1539 1433; x_wconf 90' lang='lat' dir='ltr'>de</span> <span class='ocrx_word' id='word_1_258' title='bbox 1558 1382 1746 1436; x_wconf 80' lang='lat' dir='ltr'>invidis</span> <span class='ocrx_word' id='word_1_259' title='bbox 1768 1382 2035 1452; x_wconf 78' lang='lat' dir='ltr'>praedicari</span> <span class='ocrx_word' id='word_1_260' title='bbox 2062 1385 2277 1439; x_wconf 84' lang='lat' dir='ltr'>soleant.</span> <span class='ocrx_word' id='word_1_261' title='bbox 2304 1388 2492 1442; x_wconf 85' lang='lat' dir='ltr'>Horat.</span> 
     </span>
     <span class='ocr_line' id='line_1_50' title="bbox 1476 1458 2497 1532; baseline 0.007 -21"><span class='ocrx_word' id='word_1_262' title='bbox 1476 1458 1505 1511; x_wconf 87' lang='lat'>1</span> <span class='ocrx_word' id='word_1_263' title='bbox 1521 1497 1536 1525; x_wconf 90' lang='lat'>,</span> <span class='ocrx_word' id='word_1_264' title='bbox 1566 1459 1662 1528; x_wconf 84' lang='lat' dir='ltr'>Ep.</span> <span class='ocrx_word' id='word_1_265' title='bbox 1694 1475 1770 1526; x_wconf 88' lang='lat'>11,</span> <span class='ocrx_word' id='word_1_266' title='bbox 1797 1463 1858 1532; x_wconf 85' lang='lat'>57</span> <span class='ocrx_word' id='word_1_267' title='bbox 1887 1481 1900 1513; x_wconf 90' lang='lat'>:</span> <span class='ocrx_word' id='word_1_268' title='bbox 1922 1464 2128 1516; x_wconf 74' lang='lat' dir='ltr'>Inm&#39;ctus</span> <span class='ocrx_word' id='word_1_269' title='bbox 2148 1468 2359 1516; x_wconf 78' lang='lat' dir='ltr'>alterius</span> <span class='ocrx_word' id='word_1_270' title='bbox 2374 1486 2497 1518; x_wconf 84' lang='lat' dir='ltr'>ma-</span> 
     </span>
     <span class='ocr_line' id='line_1_51' title="bbox 1476 1541 2494 1614; baseline 0.008 -25"><span class='ocrx_word' id='word_1_271' title='bbox 1476 1544 1661 1590; x_wconf 85' lang='lat' dir='ltr'>crescit</span> <span class='ocrx_word' id='word_1_272' title='bbox 1692 1543 1835 1592; x_wconf 75' lang='lat' dir='ltr'>rebus</span> <span class='ocrx_word' id='word_1_273' title='bbox 1872 1546 2065 1606; x_wconf 80' lang='lat' dir='ltr'>opimis.</span> <span class='ocrx_word' id='word_1_274' title='bbox 2101 1541 2200 1611; x_wconf 91' lang='lat' dir='ltr'>Ep.</span> <span class='ocrx_word' id='word_1_275' title='bbox 2235 1559 2330 1595; x_wconf 77' lang='lat' dir='ltr'>xlv</span> <span class='ocrx_word' id='word_1_276' title='bbox 2350 1583 2364 1610; x_wconf 88' lang='lat'>,</span> <span class='ocrx_word' id='word_1_277' title='bbox 2392 1544 2453 1614; x_wconf 81' lang='lat'>37</span> <span class='ocrx_word' id='word_1_278' title='bbox 2481 1564 2494 1598; x_wconf 77' lang='lat' dir='ltr'>t</span> 
     </span>
     <span class='ocr_line' id='line_1_52' title="bbox 1481 1617 2502 1685; baseline 0.007 -17"><span class='ocrx_word' id='word_1_279' title='bbox 1481 1617 1597 1668; x_wconf 84' lang='lat' dir='ltr'>Non</span> <span class='ocrx_word' id='word_1_280' title='bbox 1614 1621 1732 1670; x_wconf 66' lang='lat' dir='ltr'>istie:</span> <span class='ocrx_word' id='word_1_281' title='bbox 1748 1620 1947 1685; x_wconf 78' lang='lat' dir='ltr'><em>obliquo</em></span> <span class='ocrx_word' id='word_1_282' title='bbox 1958 1622 2102 1672; x_wconf 82' lang='lat' dir='ltr'>oculo</span> <span class='ocrx_word' id='word_1_283' title='bbox 2113 1638 2225 1672; x_wconf 84' lang='lat' dir='ltr'>mea</span> <span class='ocrx_word' id='word_1_284' title='bbox 2240 1626 2502 1674; x_wconf 80' lang='lat' dir='ltr'>commoda</span> 
     </span>
     <span class='ocr_line' id='line_1_53' title="bbox 1479 1696 2502 1762; baseline 0.007 -18"><span class='ocrx_word' id='word_1_285' title='bbox 1479 1697 1740 1762; x_wconf 77' lang='lat' dir='ltr'>quisquam</span> <span class='ocrx_word' id='word_1_286' title='bbox 1770 1696 1946 1747; x_wconf 80' lang='lat' dir='ltr'>Limat</span> <span class='ocrx_word' id='word_1_287' title='bbox 1958 1735 1973 1762; x_wconf 88' lang='lat'>,</span> <span class='ocrx_word' id='word_1_288' title='bbox 2008 1716 2108 1749; x_wconf 82' lang='lat' dir='ltr'>non</span> <span class='ocrx_word' id='word_1_289' title='bbox 2139 1700 2256 1749; x_wconf 87' lang='lat' dir='ltr'>odio</span> <span class='ocrx_word' id='word_1_290' title='bbox 2290 1701 2502 1751; x_wconf 78' lang='lat' dir='ltr'>obscuro</span> 
     </span>
     <span class='ocr_line' id='line_1_54' title="bbox 1480 1772 2573 1840; baseline 0.009 -18"><span class='ocrx_word' id='word_1_291' title='bbox 1480 1789 1736 1840; x_wconf 79' lang='lat' dir='ltr'>morsuque</span> <span class='ocrx_word' id='word_1_292' title='bbox 1762 1780 1986 1825; x_wconf 78' lang='lat' dir='ltr'>venenat.</span> <span class='ocrx_word' id='word_1_293' title='bbox 2020 1772 2121 1840; x_wconf 66' lang='lat' dir='ltr'>IV,</span> <span class='ocrx_word' id='word_1_294' title='bbox 2142 1773 2247 1828; x_wconf 86' lang='lat' dir='ltr'>Od.</span> <span class='ocrx_word' id='word_1_295' title='bbox 2273 1791 2372 1838; x_wconf 84' lang='lat'>111,</span> <span class='ocrx_word' id='word_1_296' title='bbox 2407 1777 2503 1831; x_wconf 79' lang='lat'>16:</span> <span class='ocrx_word' id='word_1_297' title='bbox 2567 1785 2573 1791; x_wconf 81' lang='grc'><strong>”</strong></span> 
     </span>
     <span class='ocr_line' id='line_1_55' title="bbox 1482 1849 2508 1907; baseline 0.007 -7"><span class='ocrx_word' id='word_1_298' title='bbox 1482 1849 1648 1900; x_wconf 85' lang='lat' dir='ltr'>Dente</span> <span class='ocrx_word' id='word_1_299' title='bbox 1664 1854 1830 1902; x_wconf 76' lang='lat' dir='ltr'>minus</span> <span class='ocrx_word' id='word_1_300' title='bbox 1843 1854 2070 1903; x_wconf 78' lang='lat' dir='ltr'>mordeor</span> <span class='ocrx_word' id='word_1_301' title='bbox 2085 1856 2268 1905; x_wconf 61' lang='lat' dir='ltr'>chuido.</span> <span class='ocrx_word' id='word_1_302' title='bbox 2279 1878 2348 1893; x_wconf 89' lang='lat'>—-</span> <span class='ocrx_word' id='word_1_303' title='bbox 2357 1855 2508 1907; x_wconf 80' lang='lat' dir='ltr'>Sedet</span> 
     </span>
     <span class='ocr_line' id='line_1_56' title="bbox 1483 1928 2504 1998; baseline 0.009 -21"><span class='ocrx_word' id='word_1_304' title='bbox 1483 1928 1784 1997; x_wconf 81' lang='lat' dir='ltr'>exquisitius</span> <span class='ocrx_word' id='word_1_305' title='bbox 1798 1948 1975 1998; x_wconf 83' lang='lat' dir='ltr'>quam,</span> <span class='ocrx_word' id='word_1_306' title='bbox 2004 1938 2099 1994; x_wconf 84' lang='lat' dir='ltr'>est,</span> <span class='ocrx_word' id='word_1_307' title='bbox 2121 1937 2352 1997; x_wconf 80' lang='lat' dir='ltr'>apparet,</span> <span class='ocrx_word' id='word_1_308' title='bbox 2379 1944 2438 1985; x_wconf 90' lang='lat' dir='ltr'>ut</span> <span class='ocrx_word' id='word_1_309' title='bbox 2458 1933 2504 1996; x_wconf 90' lang='lat' dir='ltr'>l,</span> 
     </span>
     <span class='ocr_line' id='line_1_57' title="bbox 1486 2005 2505 2077; baseline 0.008 -23"><span class='ocrx_word' id='word_1_310' title='bbox 1486 2005 1611 2075; x_wconf 81' lang='lat'>267:</span> <span class='ocrx_word' id='word_1_311' title='bbox 1637 2005 1754 2059; x_wconf 84' lang='lat' dir='ltr'>vide</span> <span class='ocrx_word' id='word_1_312' title='bbox 1780 2005 2038 2060; x_wconf 85' lang='lat' dir='ltr'>Gronovii</span> <span class='ocrx_word' id='word_1_313' title='bbox 2067 2005 2196 2059; x_wconf 87' lang='lat' dir='ltr'>Obs.</span> <span class='ocrx_word' id='word_1_314' title='bbox 2222 2008 2305 2072; x_wconf 83' lang='lat' dir='ltr'>ll,</span> <span class='ocrx_word' id='word_1_315' title='bbox 2322 2027 2373 2077; x_wconf 89' lang='lat' dir='ltr'>p.</span> <span class='ocrx_word' id='word_1_316' title='bbox 2397 2012 2505 2062; x_wconf 77' lang='lat'>180.</span> 
     </span>
     <span class='ocr_line' id='line_1_58' title="bbox 1485 2082 2508 2155; baseline 0.006 -22"><span class='ocrx_word' id='word_1_317' title='bbox 1485 2109 1552 2122; x_wconf 91' lang='lat'><em>-</em></span> <span class='ocrx_word' id='word_1_318' title='bbox 1579 2085 1744 2134; x_wconf 78' lang='lat' dir='ltr'>Recta</span> <span class='ocrx_word' id='word_1_319' title='bbox 1765 2091 1918 2137; x_wconf 82' lang='lat' dir='ltr'>acies.</span> <span class='ocrx_word' id='word_1_320' title='bbox 1948 2082 2151 2136; x_wconf 75' lang='lat' dir='ltr'>Confer</span> <span class='ocrx_word' id='word_1_321' title='bbox 2168 2084 2302 2136; x_wconf 79' lang='lat' dir='ltr'>infra</span> <span class='ocrx_word' id='word_1_322' title='bbox 2330 2104 2377 2137; x_wconf 87' lang='lat' dir='ltr'>v.</span> <span class='ocrx_word' id='word_1_323' title='bbox 2396 2089 2508 2155; x_wconf 73' lang='lat'>785.</span> 
     </span>
     <span class='ocr_line' id='line_1_59' title="bbox 1485 2159 2501 2227; baseline 0.007 -17"><span class='ocrx_word' id='word_1_324' title='bbox 1485 2186 1553 2199; x_wconf 89' lang='lat'>—</span> <span class='ocrx_word' id='word_1_325' title='bbox 1567 2159 1767 2227; x_wconf 54' lang='lat' dir='ltr'>Rubeko</span> <span class='ocrx_word' id='word_1_326' title='bbox 1787 2162 1972 2213; x_wconf 76' lang='lat' dir='ltr'>vitium</span> <span class='ocrx_word' id='word_1_327' title='bbox 1993 2160 2250 2219; x_wconf 81' lang='lat' dir='ltr'>dentium.</span> <span class='ocrx_word' id='word_1_328' title='bbox 2269 2165 2501 2217; x_wconf 80' lang='lat' dir='ltr'>-Felin</span> 
     </span>
     <span class='ocr_line' id='line_1_60' title="bbox 1489 2237 2510 2306; baseline 0.004 -18"><span class='ocrx_word' id='word_1_329' title='bbox 1489 2246 1700 2306; x_wconf 83' lang='lat' dir='ltr'>pectore</span> <span class='ocrx_word' id='word_1_330' title='bbox 1726 2237 1935 2306; x_wconf 81' lang='lat' dir='ltr'>signum</span> <span class='ocrx_word' id='word_1_331' title='bbox 1956 2237 2415 2292; x_wconf 68' lang='lat' dir='ltr'>malevolentiae.-</span> <span class='ocrx_word' id='word_1_332' title='bbox 2425 2243 2480 2291; x_wconf 86' lang='lat' dir='ltr'><em>V</em></span> <span class='ocrx_word' id='word_1_333' title='bbox 2471 2246 2510 2292; x_wconf 88' lang='lat' dir='ltr'>i·</span> 
     </span>
     <span class='ocr_line' id='line_1_61' title="bbox 1486 2312 2512 2388; baseline 0.006 -24"><span class='ocrx_word' id='word_1_334' title='bbox 1486 2332 1592 2367; x_wconf 79' lang='lat' dir='ltr'>rere</span> <span class='ocrx_word' id='word_1_335' title='bbox 1614 2313 1685 2366; x_wconf 87' lang='lat' dir='ltr'>sic</span> <span class='ocrx_word' id='word_1_336' title='bbox 1709 2325 1762 2366; x_wconf 90' lang='lat' dir='ltr'>et</span> <span class='ocrx_word' id='word_1_337' title='bbox 1790 2312 2063 2367; x_wconf 86' lang='lat' dir='ltr'>Claudian.</span> <span class='ocrx_word' id='word_1_338' title='bbox 2091 2316 2179 2388; x_wconf 71' lang='lat'>49,</span> <span class='ocrx_word' id='word_1_339' title='bbox 2200 2316 2265 2388; x_wconf 82' lang='grc'>96</span> <span class='ocrx_word' id='word_1_340' title='bbox 2286 2335 2298 2368; x_wconf 77' lang='lat' dir='ltr'><em>z</em></span> <span class='ocrx_word' id='word_1_341' title='bbox 2319 2322 2512 2370; x_wconf 81' lang='lat' dir='ltr'>viscera</span> 
     </span>
     <span class='ocr_line' id='line_1_62' title="bbox 1473 2393 2512 2464; baseline 0.004 -20"><span class='ocrx_word' id='word_1_342' title='bbox 1473 2394 1608 2462; x_wconf 85' lang='lat' dir='ltr'>felle</span> <span class='ocrx_word' id='word_1_343' title='bbox 1639 2399 1812 2448; x_wconf 82' lang='lat' dir='ltr'>virent.</span> <span class='ocrx_word' id='word_1_344' title='bbox 1825 2393 2119 2463; x_wconf 79' lang='lat' dir='ltr'>—Suffusa</span> <span class='ocrx_word' id='word_1_345' title='bbox 2142 2415 2328 2448; x_wconf 80' lang='lat' dir='ltr'>veneno</span> <span class='ocrx_word' id='word_1_346' title='bbox 2347 2436 2360 2457; x_wconf 90' lang='lat'>‚</span> <span class='ocrx_word' id='word_1_347' title='bbox 2386 2405 2512 2464; x_wconf 74' lang='grc' dir='ltr'>μεςῆ</span> 
     </span>
     <span class='ocr_line' id='line_1_63' title="bbox 1496 2470 2518 2548; baseline -0.001 -22"><span class='ocrx_word' id='word_1_348' title='bbox 1496 2479 1565 2527; x_wconf 74' lang='grc' dir='ltr'>ἰοῦ</span> <span class='ocrx_word' id='word_1_349' title='bbox 1585 2478 1918 2548; x_wconf 61' lang='grc' dir='ltr'>θανατηςσέρου.</span> <span class='ocrx_word' id='word_1_350' title='bbox 1943 2472 2086 2525; x_wconf 81' lang='lat' dir='ltr'>Male</span> <span class='ocrx_word' id='word_1_351' title='bbox 2114 2470 2249 2525; x_wconf 82' lang='lat' dir='ltr'>Rod.</span> <span class='ocrx_word' id='word_1_352' title='bbox 2275 2492 2371 2523; x_wconf 80' lang='lat' dir='ltr'>von</span> <span class='ocrx_word' id='word_1_353' title='bbox 2397 2475 2518 2540; x_wconf 76' lang='lat' dir='ltr'>Gtst</span> 
     </span>
     <span class='ocr_line' id='line_1_64' title="bbox 1491 2549 2517 2621; baseline -0.002 -16"><span class='ocrx_word' id='word_1_354' title='bbox 1491 2553 1662 2620; x_wconf 64' lang='lat' dir='ltr'>tra-sel</span> <span class='ocrx_word' id='word_1_355' title='bbox 1671 2555 1778 2603; x_wconf 75' lang='lat' dir='ltr'>ihre</span> <span class='ocrx_word' id='word_1_356' title='bbox 1795 2554 1981 2619; x_wconf 68' lang='lat' dir='ltr'>Zange.</span> <span class='ocrx_word' id='word_1_357' title='bbox 1996 2551 2200 2621; x_wconf 81' lang='lat' dir='ltr'>Lingua</span> <span class='ocrx_word' id='word_1_358' title='bbox 2211 2549 2421 2618; x_wconf 80' lang='lat' dir='ltr'>suffusa</span> <span class='ocrx_word' id='word_1_359' title='bbox 2433 2569 2517 2603; x_wconf 79' lang='lat' dir='ltr'>ve·</span> 
     </span>
     <span class='ocr_line' id='line_1_65' title="bbox 1493 2627 2515 2696; baseline -0.004 -13"><span class='ocrx_word' id='word_1_360' title='bbox 1493 2648 1637 2683; x_wconf 89' lang='lat' dir='ltr'>neno</span> <span class='ocrx_word' id='word_1_361' title='bbox 1653 2627 1863 2693; x_wconf 84' lang='lat' dir='ltr'>dicitur,</span> <span class='ocrx_word' id='word_1_362' title='bbox 1880 2639 1942 2681; x_wconf 89' lang='lat' dir='ltr'>ut</span> <span class='ocrx_word' id='word_1_363' title='bbox 1960 2647 2017 2682; x_wconf 89' lang='lat' dir='ltr'>os</span> <span class='ocrx_word' id='word_1_364' title='bbox 2029 2628 2285 2696; x_wconf 79' lang='lat' dir='ltr'>suffusum</span> <span class='ocrx_word' id='word_1_365' title='bbox 2306 2627 2515 2680; x_wconf 85' lang='lat' dir='ltr'>rubore.</span> 
     </span>
     <span class='ocr_line' id='line_1_66' title="bbox 1563 2705 2515 2779; baseline -0.003 -17"><span class='ocrx_word' id='word_1_366' title='bbox 1563 2709 1670 2779; x_wconf 84' lang='lat'>778.</span> <span class='ocrx_word' id='word_1_367' title='bbox 1707 2710 1868 2760; x_wconf 77' lang='lat' dir='ltr'>Risus</span> <span class='ocrx_word' id='word_1_368' title='bbox 1886 2711 2045 2760; x_wconf 80' lang='lat' dir='ltr'>abest.</span> <span class='ocrx_word' id='word_1_369' title='bbox 2071 2705 2379 2760; x_wconf 85' lang='lat' dir='ltr'>hnmanitas</span> <span class='ocrx_word' id='word_1_370' title='bbox 2403 2706 2515 2773; x_wconf 71' lang='lat' dir='ltr'>eius</span> 
     </span>
     <span class='ocr_line' id='line_1_67' title="bbox 1495 2785 2526 2841; baseline 0 -2"><span class='ocrx_word' id='word_1_371' title='bbox 1495 2796 1550 2839; x_wconf 90' lang='lat' dir='ltr'>et</span> <span class='ocrx_word' id='word_1_372' title='bbox 1589 2788 1846 2841; x_wconf 84' lang='lat' dir='ltr'>cruciatus</span> <span class='ocrx_word' id='word_1_373' title='bbox 1881 2785 2261 2839; x_wconf 87' lang='lat' dir='ltr'>describuntur.</span> <span class='ocrx_word' id='word_1_374' title='bbox 2297 2810 2364 2823; x_wconf 90' lang='lat'>-</span> <span class='ocrx_word' id='word_1_375' title='bbox 2401 2787 2526 2839; x_wconf 74' lang='lat' dir='ltr'>Mu·</span> 
     </span>
     <span class='ocr_line' id='line_1_68' title="bbox 1494 2863 2516 2936; baseline -0.003 -18"><span class='ocrx_word' id='word_1_376' title='bbox 1494 2886 1649 2936; x_wconf 80' lang='lat' dir='ltr'>quem.</span> <span class='ocrx_word' id='word_1_377' title='bbox 1693 2866 1832 2919; x_wconf 86' lang='lat' dir='ltr'>Nam</span> <span class='ocrx_word' id='word_1_378' title='bbox 1867 2864 2045 2918; x_wconf 87' lang='lat' dir='ltr'>alienis</span> <span class='ocrx_word' id='word_1_379' title='bbox 2074 2863 2223 2916; x_wconf 84' lang='lat' dir='ltr'>malis</span> <span class='ocrx_word' id='word_1_380' title='bbox 2261 2874 2516 2931; x_wconf 84' lang='lat' dir='ltr'>tanquam</span> 
     </span>
     <span class='ocr_line' id='line_1_69' title="bbox 1496 2943 2517 3009; baseline -0.001 -12"><span class='ocrx_word' id='word_1_381' title='bbox 1496 2945 1599 2998; x_wconf 85' lang='lat' dir='ltr'>suis</span> <span class='ocrx_word' id='word_1_382' title='bbox 1621 2945 1771 2996; x_wconf 87' lang='lat' dir='ltr'>bonis</span> <span class='ocrx_word' id='word_1_383' title='bbox 1792 2943 2033 3009; x_wconf 78' lang='lat' dir='ltr'>laetatur,</span> <span class='ocrx_word' id='word_1_384' title='bbox 2067 2946 2332 3009; x_wconf 78' lang='lat' dir='ltr'>pascitque</span> <span class='ocrx_word' id='word_1_385' title='bbox 2352 2960 2405 2994; x_wconf 88' lang='lat' dir='ltr'>se</span> <span class='ocrx_word' id='word_1_386' title='bbox 2430 2966 2517 2996; x_wconf 70' lang='lat' dir='ltr'>xx-</span> 
     </span>
     <span class='ocr_line' id='line_1_70' title="bbox 1497 3022 2514 3098; baseline -0.002 -22"><span class='ocrx_word' id='word_1_387' title='bbox 1497 3046 1749 3098; x_wconf 65' lang='grc' dir='ltr'><strong><em>κοχαρτος,</em></strong></span> <span class='ocrx_word' id='word_1_388' title='bbox 1784 3023 2139 3097; x_wconf 64' lang='lat' dir='ltr'>e’tcxoeepe&#39;xootoe.</span> <span class='ocrx_word' id='word_1_389' title='bbox 2171 3022 2269 3073; x_wconf 80' lang='lat' dir='ltr'>Ed.</span> <span class='ocrx_word' id='word_1_390' title='bbox 2296 3048 2362 3060; x_wconf 88' lang='grc'>-</span> <span class='ocrx_word' id='word_1_391' title='bbox 2383 3023 2514 3074; x_wconf 80' lang='lat' dir='ltr'><em>Mo·-</em></span> 
     </span>
     <span class='ocr_line' id='line_1_71' title="bbox 1497 3098 2516 3156; baseline -0.004 0"><span class='ocrx_word' id='word_1_392' title='bbox 1497 3121 1619 3156; x_wconf 71' lang='lat' dir='ltr'>eere.</span> <span class='ocrx_word' id='word_1_393' title='bbox 1663 3098 1916 3154; x_wconf 82' lang='lat' dir='ltr'>Ciosanus</span> <span class='ocrx_word' id='word_1_394' title='bbox 1937 3119 2001 3153; x_wconf 87' lang='lat' dir='ltr'>ex</span> <span class='ocrx_word' id='word_1_395' title='bbox 2024 3099 2188 3153; x_wconf 86' lang='lat' dir='ltr'>MSS.</span> <span class='ocrx_word' id='word_1_396' title='bbox 2212 3100 2516 3154; x_wconf 86' lang='lat' dir='ltr'>emendan-</span> 
     </span>
     <span class='ocr_line' id='line_1_72' title="bbox 1502 3177 2513 3247; baseline 0 -16"><span class='ocrx_word' id='word_1_397' title='bbox 1502 3178 1630 3231; x_wconf 86' lang='lat' dir='ltr'>dum</span> <span class='ocrx_word' id='word_1_398' title='bbox 1651 3188 1828 3232; x_wconf 85' lang='lat' dir='ltr'>censet</span> <span class='ocrx_word' id='word_1_399' title='bbox 1834 3179 2009 3246; x_wconf 73' lang='lat' dir='ltr'>secem</span> <span class='ocrx_word' id='word_1_400' title='bbox 2024 3218 2037 3240; x_wconf 88' lang='lat'>,</span> <span class='ocrx_word' id='word_1_401' title='bbox 2086 3177 2226 3247; x_wconf 88' lang='lat' dir='ltr'>quod</span> <span class='ocrx_word' id='word_1_402' title='bbox 2252 3178 2513 3233; x_wconf 83' lang='lat' dir='ltr'>efficacius</span> 
     </span>
     <span class='ocr_line' id='line_1_73' title="bbox 1497 3257 2517 3325; baseline -0.002 -15"><span class='ocrx_word' id='word_1_403' title='bbox 1497 3257 1599 3320; x_wconf 80' lang='lat' dir='ltr'>sit,</span> <span class='ocrx_word' id='word_1_404' title='bbox 1645 3275 1804 3325; x_wconf 88' lang='lat' dir='ltr'>quam</span> <span class='ocrx_word' id='word_1_405' title='bbox 1836 3274 2039 3309; x_wconf 78' lang='lat' dir='ltr'>movere.</span> <span class='ocrx_word' id='word_1_406' title='bbox 2071 3281 2139 3296; x_wconf 88' lang='lat'>—-</span> <span class='ocrx_word' id='word_1_407' title='bbox 2188 3259 2517 3324; x_wconf 68' lang='lat' dir='ltr'>Vigilacibus.</span> 
     </span>
     <span class='ocr_line' id='line_1_74' title="bbox 1505 3332 2510 3405; baseline -0.002 -18"><span class='ocrx_word' id='word_1_408' title='bbox 1505 3332 1728 3388; x_wconf 84' lang='lat' dir='ltr'>Codices</span> <span class='ocrx_word' id='word_1_409' title='bbox 1751 3332 1916 3387; x_wconf 84' lang='lat' dir='ltr'>nostri</span> <span class='ocrx_word' id='word_1_410' title='bbox 1941 3333 2093 3405; x_wconf 79' lang='lat' dir='ltr'>Regii</span> <span class='ocrx_word' id='word_1_411' title='bbox 2112 3374 2128 3400; x_wconf 95' lang='lat'>,</span> <span class='ocrx_word' id='word_1_412' title='bbox 2159 3337 2510 3402; x_wconf 70' lang='lat' dir='ltr'>vigilantibus,</span> 
     </span>
     <span class='ocr_line' id='line_1_75' title="bbox 1503 3415 2516 3485; baseline -0.003 -18"><span class='ocrx_word' id='word_1_413' title='bbox 1503 3415 1642 3485; x_wconf 84' lang='lat' dir='ltr'>quod</span> <span class='ocrx_word' id='word_1_414' title='bbox 1668 3432 1984 3484; x_wconf 84' lang='lat' dir='ltr'>reponerem</span> <span class='ocrx_word' id='word_1_415' title='bbox 2011 3433 2024 3467; x_wconf 75' lang='grc' dir='ltr'>ε</span> <span class='ocrx_word' id='word_1_416' title='bbox 2049 3432 2176 3467; x_wconf 88' lang='lat' dir='ltr'>nam</span> <span class='ocrx_word' id='word_1_417' title='bbox 2200 3418 2396 3479; x_wconf 68' lang='lat' dir='ltr'>vigilax</span> <span class='ocrx_word' id='word_1_418' title='bbox 2419 3430 2516 3483; x_wconf 80' lang='lat' dir='ltr'>pro</span> 
     </span>
     <span class='ocr_line' id='line_1_76' title="bbox 1502 3496 2520 3561; baseline -0.002 -15"><span class='ocrx_word' id='word_1_419' title='bbox 1502 3496 1749 3561; x_wconf 46' lang='lat' dir='ltr'>vgilans,</span> <span class='ocrx_word' id='word_1_420' title='bbox 1782 3502 2010 3546; x_wconf 74' lang='lat' dir='ltr'>utcuraae</span> <span class='ocrx_word' id='word_1_421' title='bbox 2022 3510 2119 3561; x_wconf 88' lang='lat' dir='ltr'>pro</span> <span class='ocrx_word' id='word_1_422' title='bbox 2133 3498 2384 3554; x_wconf 65' lang='lat' dir='ltr'>curse-rus,</span> <span class='ocrx_word' id='word_1_423' title='bbox 2408 3510 2520 3544; x_wconf 87' lang='lat' dir='ltr'>non</span> 
     </span>
     <span class='ocr_line' id='line_1_77' title="bbox 1503 3568 2521 3625; baseline -0.002 0"><span class='ocrx_word' id='word_1_424' title='bbox 1503 3571 1603 3625; x_wconf 88' lang='lat' dir='ltr'>nisi</span> <span class='ocrx_word' id='word_1_425' title='bbox 1640 3570 1704 3624; x_wconf 87' lang='lat' dir='ltr'>ab</span> <span class='ocrx_word' id='word_1_426' title='bbox 1741 3570 2038 3624; x_wconf 86' lang='lat' dir='ltr'>auctoribus</span> <span class='ocrx_word' id='word_1_427' title='bbox 2067 3568 2344 3623; x_wconf 86' lang='lat' dir='ltr'>mediocris</span> <span class='ocrx_word' id='word_1_428' title='bbox 2378 3580 2521 3623; x_wconf 73' lang='lat' dir='ltr'>notae</span> 
     </span>
     <span class='ocr_line' id='line_1_78' title="bbox 1505 3648 2519 3718; baseline -0.002 -16"><span class='ocrx_word' id='word_1_429' title='bbox 1505 3660 1778 3718; x_wconf 82' lang='lat' dir='ltr'>acceptum</span> <span class='ocrx_word' id='word_1_430' title='bbox 1805 3648 1959 3702; x_wconf 81' lang='lat' dir='ltr'>fuisse</span> <span class='ocrx_word' id='word_1_431' title='bbox 1983 3648 2223 3717; x_wconf 62' lang='lat' dir='ltr'>reperim</span> <span class='ocrx_word' id='word_1_432' title='bbox 2269 3658 2322 3700; x_wconf 90' lang='lat' dir='ltr'>et</span> <span class='ocrx_word' id='word_1_433' title='bbox 2344 3648 2519 3701; x_wconf 82' lang='lat' dir='ltr'>forsan</span> 
     </span>
     <span class='ocr_line' id='line_1_79' title="bbox 1503 3726 2521 3781; baseline -0.003 0"><span class='ocrx_word' id='word_1_434' title='bbox 1503 3728 1559 3781; x_wconf 88' lang='lat' dir='ltr'>in</span> <span class='ocrx_word' id='word_1_435' title='bbox 1590 3728 1650 3780; x_wconf 87' lang='lat' dir='ltr'>iis</span> <span class='ocrx_word' id='word_1_436' title='bbox 1684 3746 1861 3781; x_wconf 85' lang='lat' dir='ltr'>errore</span> <span class='ocrx_word' id='word_1_437' title='bbox 1893 3727 2226 3781; x_wconf 86' lang='lat' dir='ltr'>librariorum</span> <span class='ocrx_word' id='word_1_438' title='bbox 2259 3726 2360 3780; x_wconf 85' lang='lat' dir='ltr'>boc</span> <span class='ocrx_word' id='word_1_439' title='bbox 2397 3745 2521 3779; x_wconf 80' lang='lat' dir='ltr'>ver·-</span> 
     </span>
     <span class='ocr_line' id='line_1_80' title="bbox 1504 3804 2529 3876; baseline -0.006 -17"><span class='ocrx_word' id='word_1_440' title='bbox 1504 3806 1634 3859; x_wconf 87' lang='lat' dir='ltr'>bum</span> <span class='ocrx_word' id='word_1_441' title='bbox 1655 3805 1923 3859; x_wconf 85' lang='lat' dir='ltr'>insolitum</span> <span class='ocrx_word' id='word_1_442' title='bbox 1938 3804 2159 3876; x_wconf 86' lang='lat' dir='ltr'>irrepsit.</span> <span class='ocrx_word' id='word_1_443' title='bbox 2176 3807 2275 3857; x_wconf 70' lang='lat' dir='ltr'>Ed.</span> <span class='ocrx_word' id='word_1_444' title='bbox 2285 3832 2352 3845; x_wconf 90' lang='lat'>—</span> <span class='ocrx_word' id='word_1_445' title='bbox 2367 3805 2529 3869; x_wconf 80' lang='lat' dir='ltr'>Carpi</span> 
     </span>
     <span class='ocr_line' id='line_1_81' title="bbox 1506 3882 2520 3952; baseline -0.005 -17"><span class='ocrx_word' id='word_1_446' title='bbox 1506 3882 1753 3938; x_wconf 85' lang='lat' dir='ltr'>dicuntur</span> <span class='ocrx_word' id='word_1_447' title='bbox 1767 3902 1883 3952; x_wconf 78' lang='lat' dir='ltr'>quae</span> <span class='ocrx_word' id='word_1_448' title='bbox 1903 3883 2098 3936; x_wconf 78' lang='lat' dir='ltr'>sensim</span> <span class='ocrx_word' id='word_1_449' title='bbox 2116 3891 2520 3941; x_wconf 86' lang='lat' dir='ltr'>consumuntur,</span> 
     </span>
     <span class='ocr_line' id='line_1_82' title="bbox 1510 3956 2522 4031; baseline -0.003 -16"><span class='ocrx_word' id='word_1_450' title='bbox 1510 3973 1866 4028; x_wconf 86' lang='lat' dir='ltr'>attenuantur,</span> <span class='ocrx_word' id='word_1_451' title='bbox 1889 3961 2200 4031; x_wconf 78' lang='lat' dir='ltr'>perduntur.</span> <span class='ocrx_word' id='word_1_452' title='bbox 2222 3961 2367 4028; x_wconf 79' lang='lat' dir='ltr'>Virg.</span> <span class='ocrx_word' id='word_1_453' title='bbox 2395 3956 2522 4008; x_wconf 83' lang='lat' dir='ltr'>AEn·</span> 
     </span>
     <span class='ocr_line' id='line_1_83' title="bbox 1509 4034 2525 4111; baseline -0.008 -17"><span class='ocrx_word' id='word_1_454' title='bbox 1509 4042 1848 4111; x_wconf 79' lang='lat' dir='ltr'>1V,2‚caec0</span> <span class='ocrx_word' id='word_1_455' title='bbox 1862 4045 2089 4105; x_wconf 80' lang='lat' dir='ltr'>carpitur</span> <span class='ocrx_word' id='word_1_456' title='bbox 2100 4044 2231 4106; x_wconf 66' lang='lat' dir='ltr'>igne.</span> <span class='ocrx_word' id='word_1_457' title='bbox 2246 4037 2369 4089; x_wconf 83' lang='lat' dir='ltr'>Hoc</span> <span class='ocrx_word' id='word_1_458' title='bbox 2386 4034 2525 4086; x_wconf 79' lang='lat' dir='ltr'>bene</span> 
     </span>
    </p>
   </div>
  </div>
 </body>
</html>
