2975 4784
567 398 694 443 110

1103 379 1183 443 P.
1250 376 1621 446 OVIDII
1671 374 2137 447 NASONIS

553 514 906 591 Morsibus
935 515 1255 617 eripitur,
1292 518 1761 619 tangentiaque
1794 546 1911 593 ora
1938 516 2306 619 relinquit:

551 632 663 707 Sic
696 633 916 720 Deus,
953 649 1023 706 et
1054 633 1242 730 virgo
1278 652 1410 723 est;
1443 634 1553 707 hic
1583 662 1705 735 spe
1731 632 1940 722 celer,
1970 632 2087 708 illa
2116 633 2376 708 timore.

553 747 695 845 Qui
732 763 948 822 tamen
982 747 1393 850 insequitur,
1427 749 1667 851 pennis
1700 749 1969 850 adjutus
2002 750 2270 825 Amoris

2587 768 2689 840 540

553 863 765 938 Ocior
800 882 902 938 est
923 919 943 951 ,
978 864 1407 966 requiemque
1442 883 1645 962 negat
1672 895 1689 939 :
1725 884 2047 968 tergoque
2078 865 2298 962 fugaci

550 981 893 1069 Imminet;
930 999 1000 1055 et
1029 981 1277 1056 crinem
1309 1009 1616 1083 sparsum
1649 982 2019 1058 cervicibus
2052 983 2270 1058 adflat.

550 1096 827 1171 Viribus
858 1095 1184 1184 absumtis
1217 1095 1541 1198 expalluit
1573 1096 1691 1173 illa
1725 1129 1743 1172 ε
1780 1100 2059 1200 citaeque

550 1211 744 1305 Victa
777 1210 1009 1288 labore
1037 1212 1243 1308 fugae,
1278 1231 1585 1313 spectans
1618 1213 1943 1289 Peneidas
1974 1214 2228 1302 undas,

556 1360 591 1393 «
625 1330 683 1403 F
680 1358 784 1417 er,
803 1346 1024 1431 pater,
1047 1329 1301 1431 inquit,
1323 1357 1556 1431 opem;
1592 1330 1652 1404 si
1683 1329 1953 1404 flumina
1974 1357 2224 1405 numen
2242 1329 2528 1403 habetis.
2588 1351 2694 1422 545

557 1486 594 1517 υ
634 1452 789 1549 Qua
824 1451 1106 1526 nimium
1131 1450 1392 1553 placui,
1425 1451 1690 1540 Tellus,
1723 1469 1841 1529 aut
1871 1452 2052 1528 hisce
2074 1507 2094 1541 ,
2128 1451 2233 1526 vel
2268 1452 2494 1540 istam,

556 1608 593 1640 >›
626 1575 798 1672 Quae
829 1572 1017 1665 facit,
1056 1591 1135 1648 ut
1166 1573 1400 1664 laedar,
1438 1574 1759 1649 mutando
1790 1575 1995 1676 perde
2026 1573 2328 1670 figuram.
2370 1606 2407 1638 »

611 1792 722 1845 538.
738 1791 1040 1858 Deprensus.
1059 1788 1231 1845 Codd.
1253 1792 1424 1846 nostri
1439 1811 1570 1847 con-

540 1887 772 1936 prensus.

617 1952 731 2017 540.
759 1949 868 2016 Qui
882 1954 1049 2002 tamen
1065 1952 1353 2019 ebseque‘lut.
1384 1948 1570 2018 Quem

551 2045 702 2081 arnor
718 2027 944 2082 celerem
972 2025 1178 2093 reddit,
1205 2046 1330 2081 eum
1357 2025 1571 2098 Cupido

550 2106 711 2161 veluti
745 2104 958 2174 adjuvat
999 2104 1091 2159 alis
1122 2105 1243 2158 suis.

617 2186 728 2253 541.
761 2180 918 2238 Ocior
935 2190 1027 2237 est.
1056 2184 1364 2256 Elegantior
1384 2183 1572 2239 Burm-

550 2262 760 2317 videtur
768 2263 886 2318 lect.
896 2262 1091 2317 Medic.
1107 2265 1265 2317 Ocior
1272 2268 1331 2316 e'l.
1339 2291 1407 2305 -
1415 2265 1574 2333 Terga

546 2346 799 2394 ι’πηιιίπενε
819 2341 978 2394 etiam
1002 2339 1137 2411 apud
1162 2339 1452 2407 historicos,
1477 2338 1571 2394 sed

546 2418 600 2473 h.
613 2419 847 2473 Leumvi
862 2417 929 2472 de
946 2437 1042 2481 eo,
1061 2417 1152 2487 qui
1166 2437 1336 2488 prono
1349 2437 1572 2487 corpore

548 2496 621 2551 ita
645 2497 802 2550 instat
823 2535 840 2563 ,
868 2506 928 2549 ut
954 2495 1200 2566 fugientis
1226 2506 1434 2566 tergum
1459 2496 1570 2550 ha-

550 2573 648 2628 litu
689 2592 784 2628 suo
825 2572 1001 2626 adflet.
1033 2571 1290 2626 Similiter
1328 2572 1411 2640 V,
1453 2573 1570 2627 616.

553 2649 817 2719 Expressit
859 2647 1136 2702 Claudian.
1182 2664 1394 2715 xxvln,
1434 2667 1571 2721 279·

549 2729 701 2781 Malu
740 2732 973 2796 propior»
1028 2732 1315 2794 sequentum
1358 2745 1573 2792 premor.

552 2807 738 2862 Heius.
763 2827 825 2861 ex
859 2808 1136 2877 Langerm.
1159 2824 1189 2857 a
1216 2824 1286 2857 m.
1312 2824 1391 2875 pr.
1424 2804 1571 2859 dedit

528 2884 725 2953 salaci
744 2904 841 2955 pro
860 2887 1089 2955 sagacis.
1113 2882 1280 2936 Bene.

619 2966 729 3030 544.
754 2967 1020 3018 Peneidas.
1059 2961 1232 3017 Codd.
1260 2961 1429 3016 nostri
1459 2961 1570 3017 ha-

549 3038 682 3091 bent
708 3042 969 3095 Peneidas.

558 3107 563 3120 '
619 3117 731 3181 545.
769 3118 976 3172 Numen.
1009 3119 1138 3172 Vim
1173 3129 1227 3172 et
1256 3129 1570 3189 potestatem

554 3190 824 3245 divinam:
848 3214 1021 3264 neque
1044 3203 1099 3250 se
1112 3217 1258 3251 nunc
1283 3196 1569 3252 dubitantis

551 3278 663 3335 est,
687 3267 778 3321 sed
801 3287 935 3339 sape
961 3274 1179 3341 ponitur
1211 3293 1307 3345 pro
1327 3310 1342 3339 ,
1382 3293 1569 3342 quum:

550 3345 671 3399 vide
695 3344 958 3399 Brouckh.
982 3348 1045 3400 ad
1072 3351 1314 3422 Propert.
1343 3351 1458 3418 111,
1485 3351 1569 3404 El.

550 3441 727 3492 xxm,
777 3425 1037 3502 19.Insra
1065 3428 1467 3504 x111‚49‚s1
1491 3432 1579 3484 De·

547 3508 695 3563 sunt,
724 3511 779 3555 et
798 3520 956 3571 supra
975 3503 1086 3571 377.

616 3578 863 3646 546-547.
886 3580 1001 3644 Qua
1017 3588 1224 3634 mmmm
1231 3586 1425 3650 placen
1439 3584 1566 3638 Duo

554 3649 725 3705 Codd.
757 3652 852 3706 hos
883 3652 1016 3707 duos
1041 3674 1218 3709 versus
1250 3672 1567 3729 praeponunt

546 3728 819 3797 superiori.
852 3730 1184 3786 veterrimus
1217 3735 1380 3787 Palat
1410 3739 1567 3806 prio-

548 3823 665 3860 rem
701 3822 813 3857 non
852 3806 1112 3874 agnoscit;
1152 3827 1288 3861 unus
1327 3810 1566 3869 Gronov.

548 3891 801 3938 neutrum
817 3879 987 3932 habet.
1008 3881 1229 3934 Heinsio
1241 3893 1330 3935 aut
1347 3886 1564 3943 tollendi

550 3957 708 4012 ambo
739 3955 1084 4024 videbantur,
1123 3968 1211 4010 aut
1246 3959 1431 4013 ordine
1468 3964 1564 4017 in-

547 4053 700 4089 verso
721 4032 930 4104 legendi
947 4051 960 4085 :
983 4033 1251 4101 Qua-sactis
1264 4076 1278 4097 ,
1305 4044 1364 4088 u!
1376 4042 1553 4104 ledat,

556 4115 757 4177 Tellus,
788 4117 883 4164 aa!
908 4112 1076 4174 hisce,
1109 4115 1197 4163 vel
1225 4118 1377 4165 islam
1391 4154 1405 4178 ,
1449 4119 1566 4182 Qua

1664 1796 1873 1847 ulmeam
1886 1797 2091 1860 placui,
2117 1787 2365 1846 ‘walando
2385 1801 2483 1846 eto.
2503 1789 2695 1845 Burni.

1665 1869 1883 1937 suadet,
1909 1870 1991 1924 vel
2019 1870 2110 1924 Ab
2132 1875 2339 1923 urbium
2356 1868 2571 1938 placui!
2611 1868 2696 1922 vel

1671 1950 1775 2002 Cur
1810 1954 2015 2001 nimt’mn
2042 1967 2099 2014 p.
2148 1943 2397 2018 Denique
2434 1953 2496 2000 ul
2535 1949 2700 1999 leder

1664 2028 1863 2083 mutari
1904 2028 2017 2082 vult
2053 2029 2109 2080 in
2138 2036 2198 2080 n!
2232 2031 2436 2088 lauder,
2483 2026 2609 2095 quia
2641 2036 2697 2080 et

1660 2104 1783 2158 alibi
1818 2108 2034 2174 laudula
2045 2104 2225 2172 sonna
2247 2125 2264 2158 .·
2297 2116 2350 2158 et
2377 2105 2430 2157 in
2462 2113 2696 2172 quatuor

1665 2182 1830 2237 MSS.
1855 2203 1884 2237 e
1912 2181 2076 2254 glossa
2100 2203 2209 2237 esse
2230 2186 2556 2249 utplaceam.
2583 2179 2695 2234 Sed

1662 2260 1735 2315 ita
1763 2260 1841 2316 bis
1865 2260 2008 2314 idern
2033 2259 2240 2315 dixisset
2258 2299 2273 2327 ,
2298 2279 2402 2314 nec
2423 2259 2697 2314 exhausis-

1663 2349 1742 2392 set
1779 2339 1886 2391 vim
1917 2337 2221 2392 calamitatis
2249 2356 2372 2392 suc.
2408 2365 2478 2378 ·—
2509 2338 2697 2392 Nostri

1668 2415 1840 2471 Codd.
1857 2416 1950 2470 has
1963 2416 2238 2471 varietates
2252 2434 2364 2469 non
2380 2426 2696 2486 agnoscunt.

1661 2523 1730 2535 -
1755 2494 2196 2549 Seidenstueeker
2237 2497 2354 2563 Qua
2380 2494 2608 2564 explicat
2640 2501 2697 2548 in

1663 2593 1788 2642 qua,
1817 2592 1966 2640 supet
1983 2593 2110 2643 qua,
2157 2584 2312 2644 atque
2337 2571 2450 2626 hnc
2474 2592 2580 2642 qua
2602 2579 2694 2626 ιη’-

1663 2655 1818 2704 me‘um
1831 2654 2018 2719 plocue
2032 2649 2209 2704 addita
2227 2661 2410 2721 putat,
2447 2652 2577 2720 quia
2600 2651 2699 2705 Pe·

1662 2731 1786 2784 neia
1833 2731 1942 2801 jam
1984 2729 2225 2784 devorari
2276 2750 2305 2783 a
2352 2741 2494 2784 terra
2532 2731 2696 2802 cupit.

1664 2807 1843 2860 Etiam
1869 2807 2046 2861 Roda
2069 2827 2137 2861 vo
2162 2809 2247 2861 ich
2268 2809 2518 2860 alluuie!
2532 2811 2697 2880 ‘ffel

1663 2885 1862 2938 Melius
1900 2895 2079 2939 tamen
2107 2925 2123 2951 ,
2169 2885 2214 2938 si
2253 2883 2372 2938 fieri
2406 2886 2695 2939 commode
2737 2892 2742 2896 ’

1663 2973 1838 3033 posset
1856 3001 1871 3028 ,
1910 2983 2010 3032 qua
2041 2964 2332 3017 referretur
2353 2961 2420 3015 ad
2428 2965 2662 3032 figurem
2676 3005 2693 3027 ,

1662 3052 1723 3095 ut
1746 3041 1835 3108 11,
1862 3043 1960 3111 474
1983 3060 1997 3095 ε
2030 3044 2271 3106 Adimam
2293 3045 2396 3093 tibi
2417 3046 2696 3115 ηυμβ-

1657 3138 1860 3187 μναω,
1891 3121 2005 3185 Qua
2023 3123 2145 3182 tibi,
2166 3138 2359 3189 quaque
2371 3122 2555 3185 places
2571 3140 2696 3173 nos-

1661 3202 1767 3258 tro,
1797 3202 2109 3265 importuna,
2133 3202 2330 3249 nerito.
2356 3195 2427 3249 Et
2444 3196 2692 3251 Per-ison.

1663 3273 1726 3327 ad
1749 3275 1926 3329 Sanet.
1941 3275 2098 3342 Min„
2115 3294 2162 3344 p.
2180 3277 2275 3342 543
2290 3295 2425 3345 sqq..
2440 3277 2693 3346 exemplis

1662 3351 1867 3406 idoneis
1884 3352 2090 3421 docuit,
2107 3353 2180 3406 ita
2191 3351 2464 3406 interdum
2482 3354 2695 3407 abrum-

1663 3431 1716 3500 pi
1739 3432 2189 3486 constructionem
2206 3471 2221 3499 ,
2253 3441 2312 3485 ut
2337 3431 2660 3488 divellantur
2677 3475 2695 3496 ,

1662 3507 1896 3578 pluribus
1910 3508 2085 3563 verbis
2096 3508 2416 3579 interpositis
2432 3550 2448 3577 ,
2473 3530 2594 3580 qua
2612 3530 2696 3566 co-

1661 3583 1913 3639 haereant.
1940 3584 2002 3638 ld
2025 3586 2169 3655 quod
2187 3588 2248 3639 in
2266 3587 2326 3640 iis
2347 3588 2574 3641 maxime
2595 3608 2697 3641 vo·-

1661 3662 1806 3715 cibus
1832 3663 2006 3716 locum
2031 3663 2223 3729 habet,
2251 3666 2416 3718 virtus
2442 3665 2579 3719 adeo
2601 3666 2700 3720 vi-

1661 3738 1775 3794 deri
1806 3744 2000 3810 possit,
2042 3762 2192 3812 quae,
2234 3755 2293 3797 ut
2322 3744 2483 3798 haec
2469 3765 2524 3799 ιιι
2547 3765 2699 3799 sum-

1662 3836 1747 3870 ma
1771 3821 1966 3874 mentis
1988 3821 2384 3890 perturbatione
2409 3823 2698 3896 proferun-

1662 3907 1765 3949 tur.
1836 3897 1942 3951 Sed
1992 3899 2246 3968 qnoniam
2293 3899 2470 3969 plur'es
2517 3900 2700 3956 MSS.

1659 3971 1745 4024 hic
1774 3974 1924 4043 plura
1954 3976 2249 4043 omittunt,
2294 3977 2545 4045 quoniam
2584 3979 2699 4029 mi·-

1659 4066 1782 4098 rum
1796 4060 1908 4114 est
1941 4051 2235 4122 nympham
2261 4064 2377 4123 post
2401 4062 2610 4122 patrem
2633 4053 2695 4107 il·

1659 4122 1760 4176 lico
1782 4136 1836 4178 et
1873 4089 2199 4184 'I'ellurem
2185 4149 2467 4199 invocare,
2510 4150 2706 4202 noque
