2975 4784
489 337 579 406 36
1365 330 1727 408 SERIES

480 497 882 568 temnentes,
919 478 1086 580 ipsis
1134 478 1374 554 diebus
1425 478 1614 554 festis
1664 479 1953 555 lanificio
2011 509 2282 583 operam
2326 481 2614 574 dabant,

482 629 785 704 opusque
804 599 1110 675 levabant
1135 599 1397 677 fabellis
1416 603 1801 677 enarrandis
1815 659 1834 692 ‚
1860 603 1939 677 de
1965 603 2240 711 Pyramo
2254 624 2323 680 et
2346 607 2608 696 Thisbe,

485 752 769 826 quorum
821 724 1142 821 sanguine
1200 726 1384 798 mon's
1431 725 1605 825 niger
1652 723 1840 799 color
1886 725 2154 800 additus
2175 783 2195 814 ‚
2251 728 2334 802 de
2367 727 2516 803 Sole
2543 731 2619 804 in

477 846 875 953 Emynomen
909 874 1139 935 verso,
1176 863 1256 919 ut
1284 874 1436 920 cum
1467 846 1846 921 Leucothee
1880 849 2386 941 concumberet,
2419 881 2616 953 quam

481 969 573 1042 ob
608 997 746 1043 rem
783 967 985 1075 Clytie
1010 967 1312 1069 zelotypa
1346 968 1418 1040 in
1452 967 1870 1071 heliotropium
1890 988 2142 1046 mutata
2161 1027 2180 1060 ‚
2210 971 2497 1075 denique
2534 975 2614 1049 de

485 1091 1006 1192 Hennaphrodito
1035 1108 1100 1165 et
1135 1091 1484 1165 Sabnact'de
1508 1092 1581 1165 in
1612 1121 1796 1183 unum
1822 1090 2039 1193 corpus
2071 1098 2416 1171 concretis.
2453 1100 2614 1195 Quo

481 1215 658 1290 facto
688 1242 951 1289 sorores
977 1215 1138 1316 ipsae
1174 1214 1244 1287 in
1277 1215 1760 1316 vespertihbnes,
1794 1244 2148 1320 earumque
2172 1217 2316 1294 telae
2336 1220 2408 1292 in
2432 1221 2617 1294 vitem

491 1337 969 1413 transformatae
1004 1352 1183 1411 sunt.
1217 1339 1359 1412 Hac
1389 1337 1469 1411 de
1495 1365 1566 1411 re
1595 1366 1802 1437 quum
1836 1339 1964 1413 Ino
1994 1337 2361 1429 laetaretur,
2394 1343 2613 1432 Juno,

484 1480 554 1536 ct
571 1460 875 1535 invidens
903 1477 968 1534 et
996 1460 1385 1556 indignans,
1421 1460 1689 1534 Furiam
1714 1460 1776 1534 ei
1800 1460 2078 1536 immisit
2099 1518 2118 1551 ‚
2150 1463 2342 1562 cujus
2366 1492 2617 1539 veneno

486 1584 560 1658 in
594 1584 919 1658 insaniam
951 1611 1137 1657 versa
1173 1611 1325 1656 cum
1359 1582 1688 1657 Melicerta
1728 1582 1870 1657 filio
1924 1584 1995 1657 in
2044 1613 2220 1659 mare
2263 1586 2616 1686 prosiluit;

484 1707 599 1781 sed
619 1762 638 1795 ‚
661 1708 919 1780 Venere
941 1704 1386 1779 intercedente
1401 1760 1419 1793 ,
1445 1705 1645 1778 ambo
1665 1704 1821 1780 facti
1841 1723 2000 1779 sunt
2019 1706 2395 1781 Diiman'ni.
2426 1708 2617 1807 Quos

481 1828 642 1901 dum
668 1828 907 1900 comites
932 1824 1214 1900 Sidonia
1235 1854 1361 1928 pro
1385 1827 1671 1900 mortuis
1703 1808 2053 1928 deplorant
2069 1884 2088 1917 ‚
2119 1829 2191 1902 in
2216 1858 2376 1904 saxa
2404 1848 2473 1904 et
2500 1860 2618 1904 vo-

481 1951 678 2025 lucres
691 1966 1053 2024 mutantur.
1085 1946 1362 2023 Cadmus
1379 1977 1671 2050 quoque,
1691 1948 1812 2024 hac
1831 1949 2197 2027 calamitate
2220 1970 2613 2040 commotus,

482 2073 730 2150 relictis
763 2073 1019 2148 Thebis
1043 2128 1062 2161 ‚
1100 2073 1170 2146 in
1204 2071 1497 2175 lllyriam
1528 2102 1681 2147 cum
1715 2103 1923 2149 uxore
1956 2075 2291 2176 profectus
2324 2093 2455 2164 est,
2492 2077 2618 2151 ubi

479 2217 761 2299 uterque
794 2196 1437 2297 nngm'nenmfhrmnm
1469 2197 1745 2299 accepit.
1782 2195 1987 2272 Solus
2019 2227 2179 2299 ergo
2215 2200 2511 2274 restabat
2536 2201 2618 2275 de

480 2322 728 2397 Bacchi
751 2319 1283 2396 contemtoribus
1311 2322 1390 2395 A
1392 2320 1603 2394 misius
1623 2379 1642 2406 ,
1683 2349 1844 2394 avus
1869 2319 2123 2408 Persei,
2165 2321 2282 2423 qui
2317 2322 2618 2425 Gorgonis

488 2462 689 2547 caput
734 2442 1139 2546 amputavit,
1196 2470 1231 2515 e
1271 2442 1458 2542 cujus
1498 2441 1848 2538 sanguine,
1903 2442 2214 2538 guttatim
2259 2445 2331 2517 in
2378 2461 2615 2519 terram

488 2567 759 2668 delapso
783 2622 802 2656 ‚
864 2593 1091 2665 angues
1129 2564 1345 2638 exorti
1392 2581 1599 2652 sunt;
1668 2581 1736 2638 et
1784 2564 2113 2640 Atlantem
2161 2565 2232 2639 in
2283 2585 2612 2657 montem,

486 2693 808 2795 virgasque
830 2705 992 2791 post
1015 2686 1511 2762 Andromedam
1534 2684 1881 2761 liberatam
1907 2687 1979 2761 in
2000 2689 2230 2762 cor-alia
2254 2692 2632 2785 convertit„

485 2811 983 2889 Andromedam
1015 2827 1234 2885 autem
1269 2838 1541 2884 uxorem
1568 2809 1798 2885 duxit..

576 2973 734 3043 Lm.
758 2971 842 3042 V.
899 2970 1075 3044 Orto
1113 2966 1348 3042 deinde
1382 2966 1454 3039 in
1475 2967 1733 3069 nuptiis
1761 2969 2088 3059 tumultu,
2116 2969 2419 3046 Phineum
2437 3031 2457 3057 ,
2498 2972 2612 3072 qui

492 3119 810 3193 sponsam
844 3090 978 3164 sibi
1002 3088 1410 3176 vindicabat,
1449 3115 1601 3163 cum
1626 3089 1765 3164 suis
1783 3146 1802 3178 ,
1839 3109 1909 3165 et
1927 3120 2083 3165 mox
2108 3092 2303 3167 etiam
2332 3093 2614 3168 Proetum

488 3234 557 3291 et
589 3214 955 3321 Pofrdecten
1004 3243 1232 3289 saxeos
1266 3211 1507 3288 reddit.
1554 3215 1730 3287 Tum
1783 3213 2009 3289 Pallas
2025 3275 2044 3301 ‚
2099 3245 2245 3316 quae
2297 3217 2616 3293 hactenns

490 3338 714 3414 Persei
741 3364 963 3411 comes
987 3336 1203 3411 fuerat
1222 3392 1240 3425 ,
1277 3365 1358 3411 eo
1387 3333 1654 3423 relicto,
1691 3335 1762 3409 in
1790 3336 2180 3413 Heliconem
2216 3368 2286 3414 se
2320 3342 2614 3429 confert,

491 3480 572 3537 ut
603 3461 1030 3562 Hippocrenen
1066 3458 1395 3558 inspiciat.
1432 3459 1543 3532 Ibi
1575 3476 1848 3532 narrant
1879 3459 1942 3532 ei
1968 3462 2182 3535 Musae
2216 3461 2296 3536 de
2341 3461 2620 3569 Ifynneo

491 3602 560 3660 et
587 3582 932 3657 R‘eridibus
962 3580 1038 3654 in
1056 3580 1232 3679 picas
1263 3581 1598 3655 conversis
1617 3637 1636 3668 ‚
1672 3597 2033 3682 postquam
2067 3599 2265 3658 cantu
2298 3583 2615 3659 instituto

494 3706 654 3781 hinc
685 3705 766 3777 de
790 3703 987 3777 variis
1010 3702 1292 3777 Deorum
1314 3699 1941 3800 tran-finnatiom'bus
1965 3703 2384 3794 inanimalia,
2423 3706 2612 3782 illinc

493 3826 576 3915 de
609 3841 788 3928 raptu
829 3823 1221 3922 Proserpina*
1244 3879 1264 3906 ‚
1319 3821 1400 3894 de
1449 3820 1688 3913 Cereris·
1734 3826 2034 3901 emor-ibus
2049 3886 2068 3914 ‚
2128 3827 2207 3902 de
2265 3827 2506 3936 Cyanes
2551 3831 2624 3906 in

468 3953 734 4054 sonum,
748 3947 936 4051 pueri
954 3941 1296 4044 cujusdam
1326 3942 1398 4015 in
1428 3945 1782 4033 methonem,
1815 3948 2177 4050 Ascalaplu'
2200 3951 2274 4024 in
2296 3951 2613 4039 bubonem,

488 4076 802 4163 Sirenum,
837 4066 1308 4171 Proserpinam
1336 4069 1798 4168 quaerentium,
1822 4071 1895 4147 in
1917 4100 2055 4146 aves
2084 4102 2165 4149 ex
2192 4091 2378 4174 parte
2394 4131 2413 4165 ‚
2437 4078 2622 4153 Are-
