2975 4784
676 381 1694 454 METAMORPHOSEON
1738 383 1931 452 LIB.
1984 385 2044 452 1.

2306 401 2422 455 ni

294 529 424 604 Vix
455 556 655 630 prece
686 527 910 616 finita,
946 544 1186 629 torpor
1214 527 1433 622 gravis
1464 525 1715 621 adligat
1743 542 1925 599 artus
1954 555 1969 599 ε

294 643 541 719 Mollia
567 644 936 740 cinguntur
963 642 1150 718 tenui
1186 643 1552 744 praecordia
1586 642 1803 717 libro:

293 763 371 836 In
406 760 722 835 frondem
754 759 973 834 crines
994 814 1013 847 ,
1052 758 1125 832 in
1158 786 1381 834 ramos
1413 757 1688 834 brachia
1719 777 2063 834 crescunt:

2335 782 2435 836 55·

295 880 463 968 Pes,
499 876 709 953 modo
748 893 882 950 tam
915 873 1111 950 velox
1132 930 1153 964 ,
1184 875 1398 976 pigris
1432 875 1771 950 radicibus
1799 875 2045 949 baeret:

300 994 441 1068 Ora
475 1020 790 1068 cacumen
822 991 1016 1066 obit:
1048 1009 1349 1066 remanet
1375 992 1561 1066 nitor
1589 1020 1767 1067 unus
1801 992 1871 1065 in
1901 989 2036 1066 illa.
2406 1039 2414 1048 ·

299 1110 492 1182 Hanc
532 1135 804 1209 quoque
836 1106 1135 1182 Phoebus
1167 1124 1375 1195 amat;
1403 1108 1758 1209 positaque
1791 1109 1864 1182 in
1898 1109 2129 1211 stipite
2161 1109 2393 1185 dextra

296 1223 522 1297 Sentit
553 1221 772 1298 adhuc
812 1222 1139 1324 trepidare
1169 1250 1345 1297 novo
1378 1225 1508 1298 sub
1541 1225 1786 1299 cortice
1821 1243 2081 1326 pectus.

299 1336 840 1439 Complexusque
870 1337 1009 1412 suis
1043 1364 1293 1427 ramoS,
1330 1356 1408 1413 ut
1440 1340 1768 1429 membra,
1803 1338 2101 1430 lacertis,
2343 1364 2444 1417 555

300 1456 555 1533 Oscula
586 1457 702 1532 dat
739 1455 926 1550 lig-no
960 1484 977 1529 t
1006 1456 1253 1552 refugit
1287 1473 1505 1531 tamen
1539 1456 1769 1531 oscula
1802 1456 2079 1554 lignum.

303 1571 431 1645 Cui
470 1574 698 1661 Deus,
744 1606 781 1637 ·‹
818 1573 914 1646 At
944 1571 1190 1670 conjux
1227 1570 1542 1673 quoniam
1576 1600 1721 1646 mea
1759 1600 1897 1645 non
1926 1591 2125 1674 potes
2157 1600 2335 1663 esse,

305 1721 344 1753 »
383 1688 620 1761 Arbor
650 1687 781 1762 eris
815 1704 1029 1775 certe,
1066 1687 1277 1774 dixit,
1314 1715 1477 1761 mea.
1526 1687 1804 1787 Semper
1833 1685 2184 1762 habebunt

309 1836 345 1868 κ
381 1805 484 1878 Te
518 1831 734 1894 coma,
766 1821 832 1878 te
864 1801 1165 1891 citharae,
1210 1820 1274 1878 te
1299 1819 1577 1891 nostrae,
1613 1803 1860 1891 Laure,
1896 1803 2241 1905 pharetrae.

313 1955 351 1988 ³»
386 1924 499 1996 Tu
536 1920 825 1996 ducibus
858 1920 1069 1995 Latiis
1099 1919 1347 2010 aderio,
1385 1948 1593 2022 quum
1627 1918 1776 1995 latta
1805 1921 2217 2026 triumphum
2343 1944 2445 1998 560

305 2132 440 2187 adeo
458 2142 711 2203 apparet,
727 2141 851 2185 uter
871 2149 990 2184 eam
1009 2130 1295 2184 mutaverit
1309 2168 1326 2198 ,

307 2211 565 2281 quoniam
595 2208 861 2279 denique
846 2228 904 2261 ιιι
938 2209 1160 2278 Argum.
1185 2207 1330 2260 Lac-

306 2288 465 2341 tantii
497 2306 633 2340 unus
663 2298 809 2356 pater
838 2286 1145 2352 intocatur,
1165 2301 1332 2354 prop-

305 2375 455 2420 terea
472 2364 655 2419 malim
671 2364 765 2418 bos
780 2364 913 2418 duos
926 2383 1104 2418 versus
1117 2364 1186 2417 ita
1198 2382 1331 2417 con-

303 2445 516 2499 trahere
543 2464 558 2498 t
603 2448 719 2511 Qua
738 2449 946 2498 minium
964 2447 1169 2512 placui,
1207 2462 1331 2496 mu-

299 2525 870 2593 mopedefflm,
899 2520 1112 2591 reliquis
1133 2519 1332 2573 deletis.

308 2601 587 2671 Quoniam
618 2598 800 2653 miseri
834 2617 969 2668 saepe
1010 2608 1227 2667 optant,
1272 2608 1333 2651 ut

299 2687 428 2732 tem
438 2682 618 2732 hiscat
631 2677 917 2745 (Heroidd.
933 2676 1033 2743 VI,
1057 2679 1168 2744 1443
1189 2676 1331 2730 Fan.

303 2758 412 2824 ΙΙΙ,
438 2758 571 2830 609ς
596 2756 786 2822 Silius,
812 2754 911 2822 lv,
928 2754 1245 2823 332,su5ete
1258 2758 1333 2807 ln·

283 2840 451 2904 fitur
464 2842 550 2887 es!
564 2876 579 2897 ,
605 2842 840 2902 terraque
852 2840 1088 2901 optantur
1102 2831 1303 2903 butus)
1313 2873 1329 2898 ,

304 2912 464 2964 etiam
502 2911 592 2964 hic
623 2909 728 2964 hoc
750 2920 934 2962 votum
959 2910 1202 2963 infarcire
1227 2909 1333 2963 ali-

303 2990 417 3058 quis
426 2989 622 3061 potuit.
632 2987 891 3041 Similiter
906 3006 1001 3055 7oo
1015 3007 1146 3057 sqq„
1161 2986 1333 3043 verbis

305 3068 626 3137 quibusdam
653 3066 868 3131 deletis,
890 3065 1204 3136 interpretes
1227 3085 1335 3119 me·

305 3146 413 3200 rito
427 3147 562 3201 duos
574 3165 757 3200 versus
770 3147 825 3198 in
836 3165 1007 3202 unum
1017 3145 1335 3200 conflarunt.

305 3225 456 3277 Alias
476 3223 725 3278 emendd.
751 3222 867 3277 vide
892 3224 948 3275 in
979 3221 1178 3277 Variet.
1214 3223 1333 3278 lect.

301 3301 392 3356 De
420 3302 583 3355 verbo
604 3304 811 3362 ledere,
844 3300 948 3354 vid.
970 3299 1034 3353 ad
1054 3301 1170 3354 608.

369 3384 487 3448 548.
512 3384 751 3449 Adlcyat.
782 3379 932 3435 Olim
963 3387 1189 3447 occupat.
1224 3379 1334 3434 Sed

297 3462 506 3527 alliga!
550 3458 741 3513 Heius.
773 3457 1035 3528 adoptavit
1068 3478 1129 3511 ex
1162 3459 1336 3529 primo

300 3537 459 3592 Bait.
486 3537 769 3609 Langiano
791 3548 847 3591 et
864 3538 1030 3592 altero
1054 3539 1186 3609 Reg.
1218 3539 1334 3609 Ipse

298 3629 484 3673 tamen
500 3617 651 3672 malit
664 3619 1143 3686 neplah—Nostri
1163 3615 1336 3673 codd.

295 3695 501 3762 babent
518 3704 757 3764 occupat.
770 3723 834 3735 —
848 3699 1036 3750 Gravis
1046 3696 1110 3751 ab
1121 3698 1333 3762 effectu,

296 3775 391 3844 qui
407 3778 634 3842 adligat.
649 3771 906 3846 rigidoset
916 3772 1206 3827 immobiles
1215 3773 1339 3827 red-

297 3849 381 3904 dit
399 3862 566 3905 artus.
589 3853 841 3906 Gravitas
855 3869 920 3903 eo
930 3870 1086 3905 sensu
1099 3850 1166 3904 de
1181 3852 1340 3904 arbo-

298 3930 867 3999 re,XI,²44.Adlt'5m
876 3937 1016 3983 adas
1024 3930 1089 3984 de
1104 3942 1336 4000 torpore,

299 4019 566 4078 tremore,
578 4027 779 4080 pavore
789 4010 976 4078 passim
992 4010 1134 4064 :vide
1152 4011 1339 4064 Heins-

369 4092 486 4162 549.
511 4090 746 4141 libna.
783 4086 889 4140 Hic
919 4087 1105 4142 melius
1128 4087 1299 4158 posuit
1318 4126 1338 4160 ,

302 4185 468 4235 quam
495 4166 786 4236 duriorem
803 4166 1066 4221 corticem.

1489 2131 1605 2181 550.
1643 2129 1899 2181 Crescunt.
1947 2128 2261 2183 Mutationis
2298 2132 2449 2186 notio

1424 2205 1620 2258 variata
1637 2204 1809 2258 verbis
1818 2224 2057 2269 crescere,
2075 2210 2279 2270 herere,
2297 2213 2449 2263 obeb-e.

1425 2282 1768 2337 Postremum
1784 2282 1856 2334 sic
1873 2290 1925 2334 et
1945 2281 2076 2349 Vll,
2090 2286 2317 2354 77531X,
2331 2304 2449 2360 290.

1494 2361 1607 2412 551.
1632 2359 1834 2426 Pign's,
1855 2358 2234 2424 immobilibus,
2259 2363 2324 2415 ab
2351 2362 2453 2416 ho-

1425 2437 1574 2491 mine
1597 2446 1850 2490 sumtum.

1494 2520 1606 2571 552.
1631 2519 1881 2571 Ila-mane!
1896 2523 2044 2571 m’lor.
2079 2520 2263 2571 Ne’lida
2280 2523 2453 2574 laurus

1426 2596 1588 2649 etiam
1613 2597 1747 2650 XIV
1768 2635 1785 2663 ,
1814 2616 1939 2666 7203
1967 2596 2104 2650 Plin.
2130 2596 2202 2661 V,
2232 2596 2331 2667 Ep.
2356 2616 2415 2652 vx
2433 2639 2451 2666 ,

1427 2678 1476 2744 4.
1505 2677 1682 2745 Atque
1707 2676 1867 2729 etiam
1891 2676 2075 2746 puellis
2098 2680 2236 2729 naor
2252 2676 2452 2730 tribui-

1433 2764 1543 2822 tur,
1568 2753 1600 2807 i.
1623 2773 1669 2807 e.
1691 2751 2047 2823 pulchritudo,
2071 2752 2180 2819 XI,
2205 2772 2317 2821 ²72·
2334 2753 2455 2808 Hoc

1425 2852 1584 2887 suum
1601 2831 1760 2886 decus
1775 2832 2002 2904 Daphne
2023 2842 2198 2887 servat
2216 2842 2418 2887 mutata
2433 2874 2451 2904 ,

1430 2923 1489 2966 ut
1514 2912 1577 2965 ad
1605 2914 1699 2982 237
1722 2911 2076 2966 admonitum.

1498 2992 1612 3057 554.
1645 2992 1927 3058 Trepidam.
1949 2989 2170 3059 Palpare
2190 3028 2205 3056 ,
2226 2990 2419 3044 micare
2437 3030 2454 3056 ,

1429 3066 1496 3121 de
1524 3078 1672 3121 motu
1698 3067 1886 3121 cordis.
1913 3065 1998 3121 Cs-
2025 3066 2193 3134 vul,
2219 3067 2335 3120 606.

1495 3149 1609 3213 557.
1639 3146 1857 3214 Conjuae.
1883 3142 2020 3197 Vide
2053 3143 2115 3197 ad
2142 3148 2257 3220 490.

1499 3225 1612 3277 558.
1633 3225 1807 3277 Arbor
1824 3244 1937 3277 nea
1952 3244 2014 3276 ex
2034 3243 2182 3278 more
2199 3263 2216 3292 ,
2240 3243 2347 3294 quo
2362 3224 2458 3278 Dii

1433 3301 1647 3354 arbores
1663 3300 1913 3370 quasdam
1929 3301 1982 3355 in
2000 3302 2161 3355 tutela
2180 3322 2274 3356 sua
2291 3301 2456 3354 habe-

1429 3380 1576 3433 bant.
1599 3377 1684 3433 Cs.
1701 3399 1895 3449 7¹⁰··-
1910 3383 2194 3435 Habebunt.
2219 3381 2457 3436 Laurum

1429 3461 1701 3519 habebant,
1719 3457 1866 3511 lauro
1885 3470 2069 3512 ornata
2077 3458 2455 3526 erant,omnia,

1432 3555 1551 3607 quse
1566 3536 1738 3605 Apoll.
1755 3555 1901 3590 essen
1909 3547 1948 3603 t,
1964 3539 2147 3607 tripus,
2173 3535 2454 3606 templum,

1432 3625 1602 3682 vates,
1621 3615 1843 3668 victores
1867 3615 2089 3687 Pythici.
2125 3616 2241 3685 lpse
2267 3614 2324 3666 in
2340 3633 2456 3667 mov

1432 3693 1705 3747 numentis
1724 3692 1960 3746 cernitur
1975 3693 2057 3746 vel
2077 3693 2353 3748 redimitus
2376 3711 2458 3745 co-

1432 3790 1566 3824 rona
1589 3770 1768 3824 laurea
1783 3811 1795 3832 ,
1822 3769 1906 3823 vel
1928 3780 2133 3838 gestans
2152 3768 2334 3825 dextra
2358 3789 2457 3822 ra·-

1433 3869 1587 3918 mum
1609 3850 1867 3903 laureum.
1890 3849 2051 3902 Unde
2072 3850 2263 3920 Apollo
2283 3855 2462 3918 «5oequ-

1437 3935 1598 4004 fo'pogx
1623 3927 1742 3981 vide
1775 3927 2063 3999 spanhem.
2082 3928 2146 3982 ad
2173 3926 2383 3980 Callim.
2403 3924 2456 3977 b.

1435 4007 1557 4062 Del.
1568 4028 1650 4081 9¹·
1661 4036 1730 4048 —
1751 4011 1820 4062 Te
1835 4011 2057 4062 cithare.
2083 4009 2227 4062 Hinc
2241 4004 2462 4062 laureati

1436 4084 1495 4139 in
1518 4104 1675 4139 scena
1690 4083 1974 4138 citharoedi.
1997 4087 2097 4137 Ed.

1509 4165 1623 4218 550.
1666 4166 1744 4217 Tu
1765 4165 1977 4213 ducibus
2001 4172 2098 4213 etc.
2131 4158 2464 4212 vaticinatur
