2975 4784
461 373 560 422 111

465 489 794 581 saeculum,
822 518 992 592 quos
1016 491 1084 564 in
1106 491 1323 594 primo
1351 493 1616 593 quidem
1638 493 2087 595 Metamorph.
2105 492 2281 567 libro
2299 496 2594 569 numeris

464 625 842 722 designatos
865 626 1151 700 invenies
1169 683 1187 715 ,
1211 625 1403 701 8000
1432 645 1498 701 et
1523 627 1704 701 8001
1729 684 1750 716 ,
1774 628 2019 729 quibus
2044 627 2346 730 inscripti
2369 627 2588 724 Regio

464 757 784 855 Catalogo
817 760 1276 861 reperiuntur;
1327 760 1560 834 deinde
1590 787 1744 833 vero
1780 759 1987 854 signis
2022 760 2085 832 A
2117 776 2185 834 et
2216 760 2308 848 B,
2345 759 2449 834 vel
2480 759 2588 834 his

466 905 720 962 tantum
745 888 992 977 verbis,
1010 890 1238 964 Nostri
1242 890 1468 990 Regu
1483 887 1747 963 notulas
1770 916 2034 991 quoque
2053 890 2232 964 notis
2256 890 2588 965 interdum

462 1000 787 1093 addendas
814 1020 1077 1107 censui,
1101 1044 1265 1121 quas
1287 1048 1323 1095 e
1343 1020 1672 1115 congestis
1698 1019 1781 1091 V
1769 1021 2033 1093 ariorum
2059 1014 2584 1107 commentariis,

463 1166 528 1222 et
552 1151 909 1252 prasertim
942 1180 977 1226 e
1003 1151 1325 1225 Famabio
1348 1169 1688 1254 excerptas
1715 1151 1947 1226 Editor
1974 1153 2241 1247 signavi.

559 1283 688 1358 Sed
725 1286 1110 1387 priusquam
1145 1283 1230 1358 ad
1261 1284 1481 1388 ipsum
1512 1270 2148 1385 Metamorphoseon
2182 1282 2430 1358 librum
2466 1282 2586 1358 de·-

463 1416 680 1491 venias
700 1473 721 1506 ,
765 1417 1245 1492 immorandum
1277 1417 1405 1491 erit
1435 1416 1602 1506 tibi,
1643 1415 1888 1503 lector,
1936 1443 2058 1490 nec
2091 1417 2231 1490 sine
2264 1414 2483 1490 fluctu
2518 1434 2585 1489 et

461 1544 796 1650 voluptate
827 1604 847 1635 ,
907 1548 1164 1621 Criticae
1211 1547 1716 1635 Dissertationi,
1770 1548 1851 1622 de
1895 1549 2089 1624 variis
2120 1556 2538 1645 κατακλυσμοις
2562 1605 2581 1635 ,

463 1677 580 1777 qui
613 1676 847 1751 doctos
888 1705 1029 1750 non
1061 1678 1281 1751 minus
1300 1733 1318 1768 ,
1371 1706 1568 1778 quam
1615 1678 1843 1752 orbem
1892 1679 2126 1779 ipsum·
2155 1680 2585 1781 perturbave-

454 1827 648 1899 runt,
685 1810 895 1885 donec
923 1812 1093 1886 inter
1125 1811 1563 1911 discrepantes
1595 1811 1695 1884 vir
1727 1828 2141 1905 exsurgeret,
2181 1829 2391 1885 tantas
2428 1810 2582 1886 lites

461 1941 989 2041 compositurus,
1048 1942 1179 2015 CI..
1221 1941 1304 2014 G.
1343 1941 1724 2028 CUVIER,
1771 1942 1996 2038 Regiae
2026 1940 2382 2016 Galliarum
2410 1942 2582 2019 Uni-

458 2072 780 2146 versitatis
810 2071 1145 2159 columen,
1184 2074 1586 2147 Rostrorum
1612 2072 1843 2160 decus,
1879 2075 2129 2147 Rerum
2159 2072 2580 2175 physicarum

459 2204 915 2299 sagacissimus
932 2202 1281 2301 indagator
1289 2204 1485 2280 simul
1505 2225 1572 2280 et
1584 2206 1908 2307 interpres
1928 2202 2415 2278 disertissimus.
2433 2202 2580 2291 Ille,

456 2365 581 2440 pro
617 2365 735 2412 sua
768 2337 841 2410 in
874 2365 979 2412 me
1001 2335 1459 2412 benevolentia
1482 2392 1502 2424 ,
1546 2335 1872 2410 concessit
1900 2333 2116 2408 libens
2138 2390 2157 2422 ,
2204 2351 2281 2408 ut
2318 2363 2464 2436 quae
2496 2334 2578 2408 de

461 2469 732 2543 Diluvitk
751 2468 1181 2556 disseruerat,
1219 2468 1551 2542 Ovidiano
1579 2467 1828 2542 diluvio
1852 2467 2333 2569 praemitterem.
2359 2469 2581 2542 Laetus

459 2603 664 2698 igitur
692 2603 935 2677 inserui
956 2659 977 2692 ,
1013 2619 1082 2676 et
1114 2600 1372 2676 Gallico
1403 2601 1669 2702 quidem
1691 2657 1710 2689 ,
1759 2618 1838 2676 nt
1862 2601 2237 2702 conscripta
2269 2600 2533 2676 fua-ant
2555 2657 2575 2688 ,

456 2763 793 2822 sermone3
829 2762 913 2808 ne
948 2733 1108 2835 quid
1139 2733 1310 2808 forte
1342 2734 1716 2808 detrimenti
1745 2734 1917 2807 inter
1951 2734 2424 2809 transeundum
2463 2761 2581 2807 ω-

458 2882 641 2968 peret
666 2893 885 2940 rerum
905 2865 1034 2954 vis,
1064 2883 1180 2939 aut
1204 2867 1612 2941 concinnitas
1632 2867 2018 2954 verborum3
2046 2893 2333 2963 gemmas
2357 2883 2576 2953 ratus,

461 3022 644 3095 quae,
688 2994 788 3068 vel
828 2997 975 3099 ipso
1019 2994 1431 3070 translatoris
1470 2995 1684 3072 halitu
1710 3053 1729 3086 ‚
1781 2997 2043 3101 possint
2085 2995 2414 3071 infuscari.
2466 2996 2580 3069 sic

453 3128 842 3218 BUFFON,
878 3128 1139 3230 quoties
1172 3127 1534 3203 advocandi
1565 3127 1750 3204 loeus
1769 3184 1790 3218 ,
1829 3127 1976 3205 talis
2007 3129 2076 3202 in
2112 3154 2311 3229 opere
2342 3142 2580 3202 nostro

456 3258 706 3362 prodiit
727 3314 748 3348 ,
782 3277 849 3333 et
879 3260 1219 3362 prodibit,
1258 3258 1469 3361 qualis
1502 3258 1660 3335 olim
1679 3317 1700 3349 ,
1737 3289 1943 3362 quum
1980 3260 2254 3364 patriam
2287 3256 2579 3355 linguam

458 3419 532 3465 ea
574 3392 909 3491 majestate
953 3390 1377 3494 amplificaret
1397 3448 1418 3481 ,
1467 3421 1612 3494 quae
1645 3418 1782 3466 non
1825 3392 2036 3493 impar
2074 3390 2285 3492 ipsius
2328 3407 2579 3464 naturae

453 3522 807 3622 majestati,
835 3525 1129 3598 omnium
1152 3551 1474 3598 consensu
1510 3522 1833 3598 celebrata
1865 3521 1936 3594 in
1967 3500 2275 3596 aefemum
2307 3520 2574 3616 vigebit.

552 3654 679 3728 His
718 3655 919 3749 igitur
964 3654 1272 3730 omnibus
1315 3655 1532 3729 fruere
1557 3709 1578 3742 ‚
1631 3652 1837 3727 lector
1881 3652 2120 3739 amice3
2164 3669 2233 3727 et
2273 3667 2576 3726 nostrum

458 3813 629 3889 opus
650 3841 670 3875 ,
721 3804 800 3861 ut
848 3787 1176 3890 occa-,pisti
1197 3843 1217 3877 ,
1268 3786 1585 3862 continuo
1626 3783 1847 3859 favore
1893 3783 2178 3886 excipias
2199 3839 2220 3872 ,
2270 3779 2462 3857 velim
2512 3798 2577 3855 et

457 3945 700 4022 precor.
741 3917 925 3994 Vale.

669 4034 683 4055 '
1691 4050 1775 4123 N.
1828 4048 1907 4123 E.
1958 4046 2372 4121 Lentulis.
