2975 4784
541 309 674 395 414

1098 311 1175 374 P.
1223 309 1581 378 OVIDII
1626 309 2087 379 NASONIS

537 448 855 525 Audierat
883 474 899 520 ε
928 474 1071 521 non
1100 447 1216 522 illa
1243 448 1426 539 loco,
1461 477 1583 522 nec
1617 451 1871 545 origine
1905 450 2119 546 gentis

538 564 726 638 Clara
748 621 767 652 ,
800 565 918 638 sed
950 581 1086 638 arte
1106 620 1126 651 ‚
1160 564 1291 637 fuit
1322 594 1337 637 ε
1372 582 1561 666 pater
1591 564 1748 638 huic
1780 564 2238 666 Colophonius
2267 566 2503 639 Idmon
2524 621 2543 653 ,

532 681 857 755 Phocaico
877 679 1156 782 ‚bibulas
1189 681 1537 774 tinguebat
1565 679 1811 755 murice
1841 680 2065 756 lanas:

536 791 895 871 Occiderat'
920 815 1164 884 maten
1200 798 1316 872 sed
1346 814 1414 871 et
1446 796 1584 870 haec
1622 797 1702 870 de
1735 796 1965 897 plebe,
2001 825 2259 897 suoque
2586 833 2644 870 ιο

533 913 752 1012 AEqua
783 912 925 984 viro
957 911 1190 985 fuerat.
1223 912 1441 1013 Lydas
1477 928 1694 985 tamen
1726 909 1842 984 illa
1866 939 1988 1011 per
2020 911 2221 985 urbes

531 1101 755 1170 cogitare
774 1099 928 1168 coepit
949 1098 1015 1151 de
1038 1116 1190 1168 poena
1206 1098 1270 1151 ab
1296 1096 1543 1150 Arachne

529 1177 799 1234 sumenda.
829 1175 936 1230 Sed
976 1175 1180 1228 dubitat
1212 1174 1542 1228 Schirachiue

531 1278 598 1312 an
622 1257 723 1311 hoc
744 1256 864 1310 eatis
887 1254 1148 1324 poeticum
1166 1254 1232 1308 sit
1245 1292 1261 1318 ,
1280 1263 1333 1307 et
1351 1264 1508 1322 negat
1523 1292 1538 1319 ,

533 1334 745 1404 phrasin
769 1338 990 1385 animmn
1008 1335 1258 1385 intendere
1285 1329 1422 1401 apud
1450 1331 1543 1382 ul-

530 1413 641 1467 lum
671 1422 883 1481 poetam
911 1409 1145 1480 reperiri.
1169 1410 1232 1462 In
1252 1428 1358 1478 quo
1372 1408 1542 1478 lapsus

531 1498 640 1551 est3
666 1505 897 1556 namque
933 1486 1040 1557 ipsa
1073 1486 1254 1540 Lexica
1284 1485 1542 1556 suppedi—

530 1578 646 1621 tant
681 1566 856 1619 locum
901 1564 1148 1630 Horatii,
1191 1564 1353 1634 Epist.
1378 1565 1404 1617 1
1422 1603 1438 1629 ,
1465 1579 1540 1628 11,

529 1646 596 1698 36
633 1663 647 1697 t
682 1645 919 1696 Intendes
964 1647 1183 1694 antinum
1225 1644 1409 1695 studiis·
1438 1682 1452 1702 ‚
1493 1649 1548 1694 et

528 1725 674 1775 rebus
686 1723 926 1774 honestis.
943 1719 1135 1772 Noster
1152 1759 1168 1785 ,
1197 1720 1279 1772 lv
1304 1718 1460 1772 Trist.
1485 1735 1509 1770 1
1525 1758 1541 1784 ,

530 1801 562 1865 4
580 1838 596 1864 ,
626 1817 765 1850 mens
785 1802 979 1849 emenia
1001 1800 1165 1849 malit.
1192 1798 1307 1863 Ipse
1331 1814 1457 1865 ergo
1479 1815 1542 1847 ex

528 1892 638 1927 uno
677 1870 872 1925 Codice
906 1872 1112 1941 prefert
1155 1874 1407 1932 incendit,
1442 1870 1540 1924 ad-

529 1953 710 2022 ditque
733 1950 1130 2020 explicationem
1152 1950 1322 2003 hanc:
1353 1950 1541 2003 irasci-

529 2041 618 2083 tur
641 2031 746 2082 sato
768 2027 856 2080 illo
879 2027 998 2080 leto
1022 2026 1318 2093 Arachnes,
1348 2046 1454 2096 quo
1473 2026 1541 2079 si-

528 2108 580 2161 bi
599 2117 833 2177 aequatur
844 2115 972 2159 arte.
986 2108 1306 2166 —Maeoniae‚
1340 2105 1538 2178 Lydiae3

526 2183 645 2237 vide
670 2182 735 2236 ad
755 2184 841 2249 11,
869 2186 980 2236 252.
1005 2181 1224 2253 Lydiam
1257 2182 1537 2236 Arachnen

528 2260 690 2313 etiam
705 2260 828 2313 facit
839 2259 1052 2313 Servius
1069 2299 1085 2326 ,
1108 2258 1172 2311 ad
1191 2258 1541 2328 Virg.Georg.

530 2335 632 2402 IV,
671 2338 767 2404 246
800 2336 932 2390 :sed
966 2336 1277 2404 Thressam,
1315 2355 1536 2405 eamque

527 2413 790 2483 virginem
807 2414 1002 2483 regiam
1021 2452 1037 2481 ,
1058 2414 1263 2469 Probus
1282 2413 1348 2467 ad
1372 2433 1536 2467 eum—

532 2492 654 2546 dem
669 2493 866 2548 locum.

595 2591 639 2638 7.
662 2572 776 2623 Non
796 2574 893 2626 illa
913 2575 1053 2632 Ioco,
1074 2581 1172 2624 etc.
1189 2570 1432 2624 Pluribus
1454 2569 1538 2622 ab·

527 2649 719 2715 jectam
740 2648 960 2704 lanificae
979 2650 1238 2718 originem
1261 2649 1504 2703 describit
1518 2687 1535 2715 ,

525 2747 633 2797 quo
665 2730 828 2799 magia
859 2740 915 2783 et
943 2749 1025 2784 ars
1057 2730 1202 2797 ejus,
1243 2740 1295 2783 et
1326 2728 1537 2784 audacia

529 2827 632 2876 qua
651 2827 708 2861 ae
738 2809 834 2878 ipsi
857 2810 1114 2863 Minervoe
1141 2811 1380 2878 prefert,
1415 2808 1538 2861 illu-

526 2891 961 2942 cacan—locum
979 2909 1078 2944 nec
1097 2890 1163 2943 de
1178 2907 1369 2959 genere
1388 2907 1534 2957 cape,

526 2965 667 3035 quod
707 2968 978 3021 Fontanus
1012 2968 1216 3021 volebat
1262 2967 1538 3036 (sequitur

522 3044 668 3098 enim
701 3051 840 3113 onko
867 3047 1100 3112 getth),
1129 3061 1228 3097 nec
1248 3063 1371 3098 cum
1392 3045 1537 3098 Bur-

525 3142 724 3178 manno
736 3164 751 3191 ,
775 3125 841 3179 de
857 3125 1128 3196 dignitate,
1142 3125 1235 3179 sed
1251 3125 1316 3178 de
1336 3125 1502 3195 patria
1515 3165 1532 3191 ,

522 3212 738 3271 propter
757 3223 967 3259 versum
995 3205 1051 3257 13
1072 3245 1087 3272 ,
1114 3204 1205 3274 qui
1217 3202 1336 3257 huic
1353 3215 1535 3258 nostro

526 3279 827 3349 respondet.
876 3283 956 3337 Ibi
990 3284 1134 3337 enim
1165 3302 1327 3356 patna
1361 3285 1536 3335 domus

522 3358 588 3412 ad
621 3363 858 3426 originem
892 3368 1084 3428 geum,
1140 3373 1195 3415 et
1219 3380 1387 3428 poree
1421 3363 1539 3433 Hy-

514 3445 670 3505 pepae
691 3436 755 3490 ad
778 3441 943 3492 Iocum
969 3439 1253 3506 pertinent.

587 3517 636 3568 8.
663 3517 1012 3582 Colophonius.
1046 3514 1327 3586 Colophon
1359 3517 1533 3570 nobile

523 3589 690 3644 Ionia
728 3589 996 3659 oppidum.
1034 3618 1102 3629 —-
1145 3595 1336 3646 Idmon.
1377 3594 1533 3647 Varie

523 3668 623 3723 hoc
643 3687 844 3722 nomen
866 3669 919 3721 in
940 3661 1099 3722 MSS.
1127 3683 1421 3738 exaratum,
1451 3675 1537 3724 Is·
1567 3724 1573 3733 ,

519 3765 633 3798 moa
646 3786 659 3809 ,
697 3750 927 3818 Hysmon
942 3787 954 3808 ,
994 3749 1230 3800 Ethmoae.
1265 3750 1536 3804 Burman-

520 3841 621 3875 nus
644 3824 870 3892 pretulit
886 3827 1059 3876 Idmon
1074 3863 1088 3887 ,
1121 3825 1241 3892 quia
1263 3826 1316 3878 id
1336 3843 1533 3881 nomen

520 3910 576 3952 et
598 3901 681 3953 alii
697 3903 982 3969 gesserunt.
999 3902 1220 3958 Gravius
1236 3907 1464 3973 estquod
1482 3919 1536 3960 et

521 3977 820 4031 Lactantius
864 3982 936 4033 sic
982 3982 1119 4052 legit.
1173 3980 1325 4048 Regii
1367 3986 1535 4037 nostri

519 4055 718 4109 habent
741 4056 900 4109 etiam
926 4061 1116 4111 Idmon.

1705 1119 1753 1170 9.
1786 1100 1986 1151 Bibule
2026 1097 2159 1153 lanc
2206 1097 2453 1167 exquisite
2470 1137 2485 1161 ,
2524 1113 2638 1165 qne

1639 1173 1854 1244 bibunt,
1882 1177 2153 1231 attrahunt
2168 1177 2395 1240 colores,
2424 1187 2639 1245 utsupra

1638 1255 1809 1305 bibula
1840 1254 2019 1307 Persei
2039 1259 2242 1307 talaria.
2264 1282 2331 1293 —-
2358 1255 2641 1320 Tehpebaet.

1639 1330 1728 1384 Sic
1752 1330 1933 1385 Codex
1959 1332 2154 1401 Regius
2175 1332 2255 1394 B;
2281 1343 2333 1384 at
2362 1329 2541 1383 Codex
2564 1330 2609 1382 A
2626 1371 2639 1390 ,

1638 1412 1873 1476 tingebat.
1911 1409 2113 1463 Eadem
2136 1409 2359 1462 varietas
2385 1409 2442 1461 in
2484 1407 2645 1461 Codi-

1637 1487 1781 1540 cibus
1810 1487 2090 1557 reperitur,
2123 1488 2329 1556 quoties
2360 1486 2471 1540 hnc
2502 1487 2644 1539 litera

1634 1583 1675 1630 g
1691 1573 1812 1616 ante
1836 1564 2065 1617 vocalem
2094 1564 2533 1633 qualemcumque
2560 1580 2642 1631 po-

1637 1640 1733 1692 sita
1768 1641 2022 1695 occurrit:
2050 1642 2135 1694 alii
2158 1642 2303 1694 enim
2326 1652 2441 1710 post
2460 1661 2502 1708 ς
2522 1640 2643 1692 lite·-

1637 1738 1753 1771 ram
1777 1740 1813 1774 n
1840 1718 2138 1789 adjungunt
2156 1758 2171 1785 ,
2209 1718 2292 1771 alii
2326 1737 2456 1770 vero
2473 1738 2513 1785 ὅ
2534 1717 2642 1769 sine

1637 1816 1672 1847 u
1695 1795 1944 1848 scribunt.
1972 1795 2114 1848 Istud
2131 1813 2290 1866 porro
2302 1794 2450 1848 fluxit
2473 1813 2502 1844 a
2523 1811 2644 1862 pro-

1637 1873 1924 1926 nunciandi
1982 1892 2128 1926 more
2179 1872 2319 1942 apud
2377 1872 2641 1924 Romanos

1638 1960 1908 2003 constante
1928 1972 1942 2014 ς
1965 1949 2157 2004 scilicet
2176 1950 2325 2002 litera
2345 1969 2383 2016 ς
2409 1957 2529 2000 ante
2553 1964 2643 1997 vo·

1635 2026 1798 2079 calem
1834 2028 2001 2097 posita
2024 2046 2297 2096 nunquam
2330 2036 2477 2079 sonat
2501 2042 2641 2076 nos-

1636 2114 1779 2157 trum
1804 2104 1867 2170 j,
1913 2104 2003 2158 sed
2048 2125 2252 2172 gamma
2292 2102 2641 2160 ῦτωωι-ιιως

1635 2184 1778 2238 unde
1805 2185 1919 2239 Itali
1938 2225 1953 2253 ,
1992 2185 2286 2251 Germani,
2332 2182 2520 2253 Angli,
2548 2191 2640 2233 etc.

1634 2262 1758 2317 huic
1775 2263 2071 2335 adjungunt
2088 2286 2124 2317 ε
2140 2306 2153 2325 ,
2190 2262 2429 2333 quamvis
2450 2263 2506 2315 in
2530 2279 2644 2312 mo-

1634 2343 1905 2396 numentis
1937 2343 2195 2399 veteribus
2226 2361 2285 2395 ac
2314 2340 2466 2393 novis
2497 2357 2642 2392 nun-

1635 2438 1793 2487 quam
1808 2459 1826 2485 ,
1851 2421 1931 2473 vel
1950 2438 2069 2472 raro
2091 2417 2404 2484 admodum,
2422 2414 2642 2469 Romani

1632 2496 1861 2550 scribant
1882 2517 1983 2565 gu,
2014 2497 2105 2552 sed
2136 2517 2231 2567 per
2260 2518 2302 2565 ς
2325 2495 2607 2565 simplicem
2625 2531 2640 2558 ,

1632 2577 1893 2642 lingebant
1905 2615 1919 2638 ,
1951 2579 2195 2644 urgebant
2205 2616 2220 2638 ‚
2249 2585 2305 2627 et
2328 2574 2427 2627 alia
2453 2572 2643 2641 huius·-

1633 2651 1840 2706 cemodi
1859 2691 1874 2719 ,
1908 2653 2044 2708 sicut
2074 2663 2129 2707 et
2172 2651 2312 2706 Galli
2343 2652 2645 2705 scriberent.

1584 2748 1590 2752 ·
1632 2731 1982 2783 Est—Mures
2004 2750 2167 2802 genua
2185 2730 2427 2794 concha,
2452 2730 2599 2797 cujus
2616 2748 2643 2780 e

1630 2825 1782 2860 succo
1813 2806 2033 2862 Veteres
2078 2828 2364 2878 purpuram
2399 2807 2648 2860 conficie-

1630 2885 1788 2952 bant,
1817 2898 1870 2940 et
1894 2907 2012 2956 quc
2027 2907 2191 2958 quum
2204 2888 2357 2954 alibi,
2376 2899 2485 2941 tum
2501 2887 2651 2952 juxta

1631 2965 1914 3027 Phocaeam,
1938 2966 2124 3019 urbem
2144 2966 2307 3020 Ionia
2320 2967 2373 3018 in
2389 2966 2509 3019 sinu
2532 2983 2649 3017 ma-

1630 3043 1702 3095 rie
1724 3044 2099 3099 Mediterranei
2124 3046 2316 3099 intimo
2334 3045 2493 3098 sitam
2510 3083 2528 3109 ,
2552 3064 2647 3097 re-

1632 3121 1945 3191 periebatur.
1980 3124 2181 3190 Livius,
2209 3123 2513 3180 XXXVII.
2535 3122 2618 3174 31.

1700 3218 1775 3253 ιο.
1797 3203 2078 3254 Occiderat.
2093 3199 2360 3258 Gebhard.
2376 3200 2465 3254 111
2479 3237 2494 3264 ,
2513 3197 2649 3252 Cre-

1632 3281 1794 3349 pund.
1812 3298 1895 3334 vu
1913 3322 1928 3349 ,
1948 3303 2009 3336 ex
2024 3281 2185 3337 Mss.
2216 3283 2342 3352 legit
2359 3286 2639 3340 decident.

1630 3359 1752 3428 quia
1775 3360 1876 3414 hoc
1902 3363 2123 3415 verbum
2146 3363 2418 3431 eleganter
2446 3382 2547 3431 pro
2570 3383 2649 3415 α·-

1632 3442 1798 3492 cidere
1831 3441 2060 3509 ponitur.
2088 3440 2240 3511 Regii
2262 3441 2429 3493 nostri
2455 3440 2649 3496 habent

1632 3520 1903 3570 occiderat.

1706 3616 1724 3647 ι
1739 3616 1779 3648 ι.
1810 3599 1975 3664 AEqtm
1990 3637 2005 3658 ,
2054 3596 2260 3665 equalis
2301 3596 2559 3666 dignitate
2596 3607 2649 3650 et

1634 3691 1842 3741 genere.
1855 3701 1921 3713 —
1935 3676 2109 3744 hydas
2128 3675 2353 3728 correxit
2365 3673 2650 3728 Constant.

1632 3750 1856 3803 Fanens.
1890 3752 2010 3820 quia
2037 3754 2230 3823 Lydius
2252 3754 2481 3821 primam
2498 3753 2649 3825 :ylla-

1628 3829 1750 3882 bam
1765 3847 1972 3898 semper
1991 3828 2297 3900 productam
2316 3831 2504 3892 habetz
2530 3831 2643 3901 plu-

1630 3907 1750 3960 rimi
1773 3917 1949 3961 tamen
1973 3907 2135 3962 MSS.
2160 3909 2338 3974 (inter
2369 3929 2501 3979 quoe
2540 3910 2647 3963 Re-

1631 3986 1743 4055 gius
1768 3996 1949 4039 noster
1969 3987 2014 4039 B
2033 3985 2058 4054 )
2077 3987 2209 4040 dant
2236 3989 2452 4058 Lsdeins.
2472 3989 2651 4059 Lydas

1631 4064 1753 4118 alias
1774 4083 1887 4117 non
1923 4065 2097 4119 ntinus
2122 4077 2401 4135 usurpatur
2430 4067 2485 4120 in
2522 4086 2647 4121 ser·—
