2975 4784
527 399 571 482 4
1295 394 1854 465 PRAEFA’rlo

521 535 681 611 libri
710 532 1024 638 mythici,
1062 549 1164 608 tot
1194 534 1388 608 etiam
1417 535 1660 610 artium
1693 544 2119 609 monumenta
2145 589 2165 623 ,
2219 564 2366 638 quae
2390 540 2638 641 passim

520 668 604 744 ab
638 697 719 743 eo
753 694 1058 769 expressa
1092 665 1429 754 videntur,
1465 667 1785 768 perierint
1801 722 1820 754 ,
1857 683 2036 740 certo
2069 665 2284 742 dicere
2306 695 2446 742 non
2473 698 2637 771 pos·-

516 828 764 874 sumus.
822 801 1052 899 Itaque
1083 825 1203 872 nec
1235 814 1531 885 constat,
1564 814 1788 872 utrum
1823 798 1965 899 ipse
1997 796 2248 900 aliquid
2281 799 2353 873 in
2385 800 2633 876 fabulis

510 932 847 1007 novaverit
865 931 1339 1031 addideritque,
1359 959 1443 1004 an
1467 930 1849 1004 Graecorum
1869 948 2124 1004 tantum
2149 932 2422 1029 vestigia
2442 961 2629 1034 pres-

506 1065 685 1138 serit.
713 1063 1101 1162 Conjiciunt
1116 1059 1429 1137 nonnulli
1448 1117 1468 1150 ,
1503 1060 1797 1136 fabulam
1820 1060 1900 1136 de
1922 1063 2203 1163 Pyramo
2239 1080 2306 1139 et
2333 1065 2620 1155 Thisbe,

505 1214 646 1271 tum
702 1194 969 1270 alteram
1019 1195 1101 1269 de
1153 1194 1542 1269 Philemone
1587 1212 1655 1269 et
1686 1195 2008 1283 Baucide,
2044 1214 2391 1299 utramque
2421 1198 2625 1298 louge

503 1327 953 1402 suavissimam
972 1380 992 1413 ,
1023 1341 1220 1424 atque
1256 1324 1451 1398 etiam
1487 1324 1570 1398 de
1603 1324 1901 1398 Sidoniis
1937 1326 2099 1400 Inus
2125 1328 2485 1404 comitibus
2503 1360 2623 1432 ap-

398 1458 405 1465 ’
498 1456 917 1560 pendiculam
951 1456 1036 1532 ab
1075 1457 1226 1557 ipso
1256 1483 1396 1530 esse
1426 1453 1678 1543 fictam;
1708 1456 1825 1530 sed
1849 1454 2032 1530 nulla
2058 1458 2200 1556 ejus
2232 1461 2620 1560 conjecturae

497 1619 691 1666 causa
717 1589 906 1665 reddi
939 1605 1163 1690 potest
1193 1585 1588 1688 probabilis.
1638 1587 1789 1660 Boc
1823 1604 2043 1660 autem
2075 1586 2413 1680 videmus,
2449 1591 2617 1666 nihil

492 1727 566 1801 in
598 1725 728 1799 hoc
764 1748 1000 1819 genere
1025 1718 1455 1795 memorabile
1488 1718 1572 1793 ab
1606 1745 1685 1793 eo
1721 1746 1860 1792 esse
1886 1719 2430 1819 praetermissum,
2457 1725 2614 1798 etin

492 1876 674 1934 tanta
706 1858 1045 1943 varietate,
1080 1882 1213 1956 qua
1242 1850 1457 1955 mythi
1489 1869 1676 1927 erant
1707 1851 1968 1941 traditi,
2005 1853 2326 1931 rationem
2359 1856 2613 1957 ubique

488 1989 623 2065 fere
655 2018 798 2064 eam
827 2014 969 2063 esse
1001 1983 1345 2074 delectam,
1383 2011 1530 2085 quae
1563 1982 1664 2059 vel
1690 1982 2051 2085 plurimum
2084 2003 2354 2062 ornatus
2380 1987 2614 2063 admit-

489 2136 687 2210 teret,
727 2136 806 2195 ut
848 2119 1138 2220 impetus
1167 2115 1440 2190 Althaeae
1472 2115 1546 2189 in
1577 2113 1789 2191 filium
1808 2172 1828 2203 ,
1865 2114 1968 2191 vel
2001 2117 2236 2193 decoro
2270 2146 2608 2195 commen-

488 2254 787 2341 daretur,
822 2278 959 2352 quo
995 2248 1284 2352 pertinet
1314 2247 1596 2323 mutatio
1626 2248 1814 2347 pueri
1844 2248 1915 2320 in
1947 2246 2315 2325 stellionem
2339 2306 2358 2338 ,
2403 2268 2601 2354 atque

483 2384 761 2488 Cephali
793 2402 861 2459 et
893 2380 1230 2458 Procridis
1262 2380 1428 2467 sata,
1456 2378 1706 2481 quibus
1741 2381 1960 2480 turpia
1985 2379 2311 2457 nonnulla
2344 2383 2428 2458 ab
2455 2383 2600 2460 aliis

479 2535 666 2594 erant
695 2513 1001 2592 admixta.
1042 2511 1262 2609 Quam
1298 2539 1422 2607 ego
1449 2502 1714 2584 laudem
1736 2538 1878 2585 non
1911 2512 2461 2591 contemnendam
2495 2545 2602 2591 ar-

477 2652 714 2727 bitror.

572 2788 749 2861 Tum
776 2801 981 2858 artem
1010 2781 1317 2857 admirari
1349 2781 1539 2871 licet,
1576 2812 1706 2885 qua
1744 2782 2127 2859 foecundum
2158 2802 2373 2886 poetae
2405 2786 2598 2881 inge-

472 2917 657 2990 nium
694 2932 798 2988 tot
827 2910 1086 2988 fabulas
1119 2912 1192 2985 in
1220 2912 1421 2986 unius
1454 2915 1756 3017 corporis
1790 2916 2074 3017 speciem
2109 2917 2490 3017 conjunxit,
2517 2935 2596 2991 ut

470 3075 620 3122 vere
655 3059 1013 3147 petpetuum
1046 3071 1304 3119 carmen
1339 3045 1559 3119 vocari
1601 3062 1847 3146 posset.
1885 3047 1950 3120 A
1982 3046 2312 3122 creatione
2357 3047 2593 3123 mundi

467 3205 739 3254 exorsus
767 3176 1081 3252 lectorem
1111 3176 1353 3251 sensim
1378 3233 1396 3265 ‚
1435 3194 1504 3251 et
1533 3205 1680 3252 cum
1715 3178 1997 3253 maxima
2033 3179 2177 3279 ejus
2207 3178 2585 3280 voluptate,

468 3311 738 3387 deducit
782 3337 905 3412 per
935 3309 1233 3384 omnium
1284 3307 1656 3383 seculorum
1703 3309 1936 3383 seriem
1973 3308 2057 3382 ad
2090 3337 2211 3384 sua
2245 3326 2543 3412 tempora
2567 3368 2587 3401 ,

462 3464 717 3521 servata
746 3461 1108 3543 utcumque
1144 3443 1464 3543 temporis
1515 3441 1790 3518 ratione.
1850 3441 2042 3517 Mille
2089 3444 2298 3540 igitur
2347 3445 2587 3521 modos

460 3577 749 3666 invenit,
786 3577 1032 3679 quibus
1067 3575 1151 3650 ab
1179 3572 1305 3648 alia
1336 3573 1564 3649 sabula
1598 3575 1908 3649 transiret
1932 3575 2018 3650 ad
2051 3574 2265 3650 aliam.
2321 3579 2481 3653 Haee
2515 3607 2585 3653 se

458 3707 696 3797 offert,
734 3708 891 3809 quia
938 3704 1308 3782 similitudo
1350 3705 1412 3778 ei
1464 3706 1762 3806 quaedam
1806 3735 1954 3781 cum
2004 3709 2343 3809 superiore
2382 3709 2586 3784 inter-

457 3838 665 3928 cedit3
698 3837 846 3926 illa,
885 3838 1042 3940 quia
1070 3837 1154 3912 ad
1195 3835 1498 3910 eumdem
1546 3835 1878 3911 hominem
1918 3839 2216 3913 Deumve
2265 3840 2582 3941 pertinet,

452 3989 571 4047 aut
596 3970 753 4074 quia
777 3997 881 4044 res
911 3969 981 4042 in
1009 3967 1231 4044 eadem
1259 3984 1428 4041 terra
1452 3984 1637 4063 gesta
1656 3986 1777 4042 est.
1807 3969 1974 4043 Mox
1995 3967 2224 4069 hymni
2251 3987 2585 4044 canuntur

443 4100 1069 4204 metamorphoseon
1119 4097 1333 4201 pleni,
1367 4126 1524 4172 mox
1555 4097 1865 4173 mulieres
1907 4114 2144 4173 texunt
2188 4117 2577 4196 argumenta
