2975 4784
656 395 1713 465 METAMORPHOSEON
1761 403 1954 468 LIB.
2009 404 2142 473 IV.

342 534 814 610 Andromedan
846 565 1076 637 poenas
1111 537 1385 610 immitis
1416 538 1698 635 jusserat
1727 540 2028 615 Ammon.

2321 401 2452 487 345

2357 566 2458 637 670

348 651 571 746 Quam
604 650 800 726 simul
837 652 917 726 ad
957 652 1153 727 duras
1186 651 1525 747 religatam
1555 652 1826 727 brachia
1855 674 2070 730 cautes

346 768 538 841 Vidit
570 769 977 842 Abantiades
1004 799 1020 855 ;
1056 769 1189 842 nisi
1220 768 1403 869 quod
1436 761 1598 843 levis
1625 797 1781 843 aura
1815 769 2089 869 capillos

348 886 691 972 Moverat,
728 903 794 958 et
823 885 1083 985 trepido
1118 885 1477 959 manabant
1509 883 1761 959 lumina
1793 884 1953 957 fletu
1978 939 1997 971 ‚

349 1003 802 1075 Marmoreum
836 1018 1021 1074 ratus
1055 1018 1223 1075 esset
1260 1028 1432 1101 opus
1462 1031 1478 1074 ε
1511 1001 1717 1075 trahit
1749 1000 1999 1073 inscius
2032 1000 2218 1095 ignes
2241 1059 2259 1091 ,

348 1126 444 1196 Et
474 1141 741 1224 stupet3
781 1140 847 1197 et
878 1123 1031 1197 visae
1065 1139 1414 1223 correptus
1449 1122 1733 1219 imagine
1765 1122 1995 1196 forma!
2015 1177 2035 1211 ,
2373 1147 2470 1219 675

350 1245 548 1319 Paene
585 1273 737 1318 suas
769 1261 1035 1346 quatere
1069 1261 1169 1318 est
1201 1243 1455 1318 oblitus
1489 1245 1562 1316 in
1601 1274 1747 1320 aere
1785 1273 2057 1347 penna&

348 1369 451 1439 Ut
482 1366 703 1453 stetit3
748 1399 783 1430 «
825 1368 929 1455 O,
967 1366 1176 1456 dixit,
1214 1394 1350 1440 non
1381 1367 1530 1441 istis
1562 1366 1762 1464 digna
1800 1368 2086 1456 catenis»,

352 1521 399 1555 »
440 1488 572 1563 Sed
610 1488 851 1589 quibus
887 1489 1060 1563 inter
1085 1517 1154 1564 se
1190 1488 1415 1590 cupidi
1442 1489 1808 1588 jungantur
1833 1507 2158 1579 amantes3

355 1643 399 1674 >³
440 1610 665 1684 Pande
695 1611 1057 1712 requirenti
1091 1640 1333 1685 nomen
1370 1628 1688 1712 terraeque
1726 1629 2089 1713 tuumque3

352 1767 395 1798 >³
437 1735 529 1805 Et
563 1760 681 1806 cur
710 1731 921 1806 vincla
959 1762 1165 1829 geras.
1205 1768 1238 1799 n
1278 1733 1506 1807 Primo
1544 1731 1692 1807 silet
1723 1732 1879 1822 illa;
1913 1764 2035 1810 nec
2067 1735 2265 1811 audet
2383 1758 2483 1811 σεο

348 1854 708 1955 Adpellare
742 1856 958 1929 virum
991 1857 1180 1951 virgo
1207 1885 1224 1943 ;
1257 1855 1698 1956 manibusque
1728 1857 2069 1933 modestos

356 1973 655 2050 Celassct
686 1976 943 2064 vultu8‚
983 1978 1039 2051 si
1075 2007 1209 2052 non
1246 1977 1520 2072 religata
1553 1977 1806 2053 fuisset.

354 2099 640 2173 Lumina
664 2155 683 2185 ‚
721 2098 904 2198 quod
940 2100 1196 2200 potuit,
1235 2098 1540 2200 lacrymis
1578 2099 1881 2199 implevit
1913 2102 2189 2176 obortis,

355 2221 616 2322 Saepius
650 2221 959 2308 instanti,
990 2249 1115 2296 sua
1150 2250 1234 2296 ne
1267 2222 1506 2296 delicta
1537 2222 1727 2295 fateri

352 2341 555 2418 Nolle
590 2343 953 2431 videretur,
990 2372 1233 2417 nomen
1270 2362 1584 2445 terraeque
1620 2373 1983 2444 suumque,

2385 2369 2486 2424 685

358 2468 759 2569 Quantaque
785 2486 1095 2542 maternae
1131 2467 1331 2542 suerit
1359 2468 1603 2544 fiducia
1631 2468 1858 2541 sormae
1882 2524 1900 2557 ,

354 2667 415 2720 H
416 2667 716 2738 ygini-vero,
729 2666 982 2736 Neptuno
991 2666 1369 2737 expostulante,
1467 2672 1778 2736 adspectum.
1801 2667 2023 2721 Dubitat
2037 2685 2104 2719 an
2117 2669 2374 2736 adpellare
2389 2664 2490 2722 dici

354 2744 705 2798 Andromeda
723 2756 830 2798 tam
851 2745 1050 2799 tristem
1067 2757 1264 2799 sortem
1282 2766 1375 2800 ex-
1469 2757 1611 2800 recte
1629 2747 1815 2817 possit,
1839 2763 1956 2815 quae
1972 2743 2286 2815 respondeat
2300 2742 2489 2813 adpel-

356 2832 509 2891 perta
531 2834 622 2876 est.
636 2851 701 2863 -
711 2825 917 2891 Lingua
929 2843 1122 2890 penas.
1147 2823 1287 2878 Vide
1307 2822 1371 2877 ad
1467 2824 1615 2878 lauti.
1628 2824 1734 2880 Sed
1748 2827 2004 2892 adpellare
2019 2832 2192 2892 potest
2205 2841 2334 2887 esse,
2351 2822 2491 2874 auxi-

359 2901 473 2963 Vl,
500 2903 613 2963 213,

425 2979 539 3047 672.
564 2982 883 3033 Abantiades
904 2999 1046 3033 nunc
1060 2991 1138 3038 est
1152 2980 1374 3035 Abantis

360 3076 661 3128 pronepos,
691 3058 928 3112 Perseus.
966 3059 1095 3112 Mox
1115 3060 1249 3112 bene
1277 3066 1380 3113 lm-

348 3138 511 3204 pidus
520 3140 679 3205 fietus
696 3177 711 3198 ,
746 3155 774 3189 e
798 3149 989 3191 natura
1010 3137 1377 3209 lacrymarum.

362 3213 490 3266 Non
514 3212 672 3282 igitur
693 3231 815 3265 cum
850 3213 961 3266 aliis
985 3217 1149 3279 lepido
1184 3216 1380 3284 prese-

358 3287 626 3354 rendum,
654 3300 804 3359 tepor
823 3290 968 3345 enim
990 3290 1136 3344 cerni
1150 3309 1262 3343 non
1285 3309 1379 3360 po-

362 3380 483 3424 test.
508 3372 747 3425 Peccavit
783 3365 1076 3441 poeta'jam
1110 3390 1173 3423 eo
1192 3410 1208 3437 ,
1237 3369 1379 3438 quod

292 3448 307 3460 ‘
361 3453 560 3506 Persea
585 3472 647 3506 ex
670 3452 774 3505 alto
794 3451 989 3505 atbere
998 3454 1177 3519 fletum
1195 3448 1379 3503 vidisse

360 3529 775 3586 finxit—Nostri
802 3529 988 3598 Regii,
1013 3529 1384 3597 lepida—Ma-

358 3627 488 3661 ure
506 3608 623 3661 alibi
638 3627 761 3661 cum
775 3617 994 3668 accusat.
1017 3606 1097 3660 Vl
1116 3647 1132 3674 ,
1150 3607 1243 3659 312
1259 3646 1275 3673 ,
1292 3604 1382 3658 ubi

358 3685 483 3741 ‘vide
510 3686 805 3740 Heinsium.
817 3713 884 3725 -
895 3686 1226 3737 Marmoreum
1237 3702 1378 3751 opus,

359 3782 724 3817 marmoream
743 3774 982 3816 statuam.
1005 3764 1106 3815 Ed.
1119 3787 1187 3802 ·-
1206 3763 1388 3814 Trahit

359 3848 525 3910 ignes.
555 3839 837 3908 Virgilius,
867 3839 1080 3893 AEneid.
1117 3839 1218 3906 IV,
1251 3858 1340 3892 ιοι
1366 3858 1379 3892 :

363 3921 539 3974 Arde!
559 3935 741 3969 amans
763 3919 902 3970 Dido
924 3923 1172 3985 traxitque
1185 3937 1281 3985 per
1297 3937 1385 3970 os-

363 4018 428 4050 sa
437 3994 681 4061 sutorem.
710 3992 850 4050 Cum
875 3994 973 4049 hoc
987 4002 1188 4064 stupore
1207 3996 1270 4048 cs.
1294 3995 1381 4062 11,

369 4077 612 4146 715-721.
638 4098 706 4111 ·-
725 4071 1088 4141 lmagosonne
1105 4114 1119 4135 ‚
1163 4075 1348 4127 forma.

431 4152 546 4204 681.
581 4151 866 4219 Adpellare.
909 4151 1159 4206 Heinsius
1202 4151 1386 4207 suadet

1470 2901 1602 2956 lium
1626 2912 1806 2972 petere
1822 2943 1836 2965 ‚
1863 2911 1923 2955 ut
1937 2899 2075 2971 apud
2099 2899 2270 2954 Cicer.
2292 2898 2487 2967 Quint.

1475 3001 1501 3052 7
1522 3002 1536 3044 ;
1587 2983 1744 3035 Verr.
1790 2981 1893 3048 IV,
1938 2981 2031 3034 651
2053 3000 2066 3033 z
2113 2978 2233 3032 vide
2279 2978 2491 3033 Ernesti

1480 3055 1625 3111 clav.
1654 3056 1764 3112 Cic.
1800 3056 1851 3110 h.
1888 3077 1938 3110 v.
1971 3055 2159 3112 Malim
2186 3066 2365 3130 tamen
2393 3071 2490 3125 per

1476 3134 1701 3204 alloqui,
1745 3144 1836 3188 aut
1871 3134 2096 3203 colloqui
2143 3133 2492 3204 interpretari.

1474 3211 1623 3264 Bene
1661 3221 1840 3263 autem
1875 3211 2076 3263 notavit
2117 3209 2489 3264 verecundiam

1474 3283 1690 3359 'virginis
1708 3328 1723 3356 ,
1749 3290 1806 3341 in
1821 3289 2001 3357 primis
2015 3309 2075 3342 ex
2091 3290 2323 3344 moribus
2340 3288 2494 3342 Grae-

1476 3386 1663 3422 corum
1687 3378 1742 3419 et
1767 3366 2125 3421 Orientalium
2141 3408 2157 3435 ,
2202 3366 2342 3437 apud
2366 3384 2495 3435 quos

1478 3447 1754 3513 w'rginibus
1784 3463 1908 3497 cum
1939 3451 2065 3499 υίηζτ
2088 3444 2232 3498 nulla
2261 3462 2494 3497 consue-

1479 3523 1700 3578 tudo.—
1714 3524 1954 3577 Celasset.
1971 3523 2244 3577 Mediceus
2257 3562 2272 3589 ‚
2299 3524 2496 3574 celaret.

1478 3600 1643 3656 MSS.
1665 3601 1980 3655 Bersmanni
2009 3612 2063 3655 et
2086 3598 2362 3654 Boschiani
2380 3640 2396 3668 ,
2418 3617 2496 3652 ve-

1475 3683 1637 3744 latet;
1683 3679 1867 3732 tertius
1911 3677 2185 3733 Media-‚eus
2201 3716 2218 3745 ,
2265 3681 2495 3730 velasset.

1479 3758 1659 3813 Nostri
1684 3758 1877 3828 Regii,
1914 3762 2145 3812 celasset.

1544 3835 1658 3904 584.
1678 3838 1900 3891 Delicta.
1921 3837 2292 3890 Gronovianus
2305 3878 2321 3904 ‚
2357 3857 2499 3891 com-

1479 3920 1662 3980 missa,
1689 3915 1832 3986 quod
1857 3934 1968 3969 non
1992 3915 2173 3969 deberi
2194 3915 2404 3970 videtur
2421 3915 2496 3968 li·-

1478 3993 1669 4050 brario.
1688 4022 1755 4036 -—
1777 3993 2210 4063 Fe'dactiafimnoe3
2234 3995 2306 4048 ita
2327 3994 2494 4048 lenis—

1478 4073 1613 4126 simo
1646 4073 1864 4129 nomine
1889 4085 2161 4144 peccatum
2185 4071 2366 4127 matris
2387 4067 2493 4121 de·-

1479 4150 1663 4220 signat.
