2975 4784
670 403 1700 473 METAMORPHOSEON
1749 409 1939 476 LIB.
1989 411 2078 478 V.

2301 412 2421 503 371

313 540 421 615 Sic
456 540 705 616 dubius
739 544 1055 631 Perseus,
1092 543 1320 617 dextra
1349 542 1591 618 laevane
1625 544 1901 635 feratur,

312 656 587 759 Molpea
621 660 872 759 trajecti
907 659 1248 734 submovit
1285 659 1553 734 vulnere
1587 658 1841 747 cruris3

316 775 819 877 contentusque
841 776 1000 871 suga
1030 794 1168 851 est:
1193 805 1411 877 neque
1435 779 1609 851 enim
1637 776 1751 850 dat
1782 794 2040 880 tempus
2063 781 2396 858 Ethemon
2415 841 2434 871 ,

314 889 447 964 Sed
480 892 680 979 furit;
712 910 814 980 et,
851 894 1125 995 cupiens
1159 892 1294 992 alto
1330 893 1483 968 dare
1517 894 1788 969 vulnera
1821 894 1993 969 collo
2015 953 2032 984 ,

2345 938 2436 990 170

313 1006 471 1079 Νοιι
508 1009 999 1110 circumspectis
1034 1026 1331 1084 exactum
1361 1009 1617 1110 viribus
1649 1037 1874 1083 ensem

313 1122 578 1218 Fregit3
609 1142 675 1198 et
706 1142 991 1199 extrema
1024 1153 1349 1226 percussae
1381 1142 1569 1226 parte
1608 1124 1933 1200 columnae

313 1242 589 1314 Lamina
628 1240 953 1329 dissiluit,
983 1241 1370 1343 dominique
1402 1243 1474 1314 in
1508 1259 1772 1337 gutture
1812 1241 1942 1316 fixa
1977 1261 2094 1316 est.

313 1356 469 1428 Non
498 1374 712 1432 tamen
746 1358 830 1431 ad
864 1355 1072 1432 letum
1107 1386 1334 1431 causas
1366 1358 1527 1442 satis
1559 1354 1674 1430 illa
1703 1356 1998 1432 valentes

313 1469 520 1566 Plaga
550 1471 731 1546 dedit
760 1502 777 1545 ε
809 1472 1142 1572 trepidum
1180 1472 1497 1560 Perseus,
1535 1490 1602 1545 et
1636 1472 1912 1547 inermia
1941 1472 2185 1547 frustra

2353 1495 2443 1563 175

311 1585 600 1661 Brachia
631 1587 1007 1662 tendentem
1041 1585 1381 1687 Cyllenide
1414 1587 1717 1662 confodit
1748 1590 1974 1692 harpe.

412 1704 661 1776 Verum
692 1704 811 1776 ubi
845 1703 1158 1775 virtutem
1189 1701 1402 1776 turbae
1438 1705 1864 1780 succumbere
1900 1704 2104 1793 vidit,

321 1850 357 1883 «
395 1816 736 1893 Auxilium
759 1875 778 1906 ,
814 1819 1136 1906 Perseus,
1177 1817 1494 1917 quoniam
1530 1820 1624 1893 sic
1659 1821 1893 1917 cogitis
1925 1822 2093 1924 ipsi,

321 1967 358 1998 ι»
400 1934 621 2020 Dixit,
657 1935 740 2007 ab
774 1934 967 2008 hoste
999 1950 1258 2034 petam3
1292 1931 1518 2008 vultus
1551 1937 1824 2011 avertite
1854 1955 2146 2024 vestros,

324 2082 360 2115 »
399 2050 469 2123 Si
503 2051 654 2151 quis
688 2051 936 2125 amicus
971 2049 1276 2124 adest.»
1313 2067 1383 2123 et
1419 2049 1757 2146 Gorgonis
1786 2051 2026 2125 extulit
2058 2081 2194 2126 ora.
2353 2075 2445 2127 180

323 2198 358 2230 α
402 2166 641 2262 Quaere
677 2166 877 2239 alium
899 2221 918 2252 ,
954 2181 1064 2239 tua
1099 2192 1300 2265 quem
1330 2183 1635 2242 moveant
1665 2165 2013 2255 miracula,
2061 2201 2096 2233 »
2134 2166 2302 2240 dixit

315 2282 677 2358 Thescelus
705 2311 721 2354 ε
750 2298 957 2381 utque
992 2308 1190 2353 mann
1223 2278 1514 2379 jaculum
1545 2280 1741 2355 fatale
1770 2283 2049 2382 parabat

315 2399 628 2486 Mittere,
663 2398 738 2469 in
771 2397 898 2470 hoc
932 2396 1124 2470 haesit
1154 2397 1418 2492 signum
1450 2395 1532 2469 de
1571 2424 1894 2471 marmore
1929 2416 2141 2493 gestu.

308 2600 617 2654 bellatorem
649 2610 974 2678 comparant.
1013 2627 1079 2639 —
1112 2601 1332 2652 Diuersa

311 2685 480 2747 valle,
509 2682 565 2734 in
593 2692 737 2751 parte
761 2671 964 2734 diversa
984 2677 1142 2732 vallis.

383 2760 495 2831 ι69.
527 2757 1053 2826 Conlentusquesuga.
1079 2755 1329 2825 Optimus

311 2838 653 2893 Florentium
665 2874 686 2904 ,
696 2835 868 2904 suge,
898 2834 1038 2906 quod
1061 2853 1173 2887 non
1196 2852 1330 2888 con-

314 2912 666 2970 temnendum
687 2911 894 2966 videtur
906 2911 1149 2978 Heinsio,
1168 2930 1328 2980 quem

310 2993 432 3046 vide
451 2992 515 3045 ad
533 2992 660 3059 XV,
688 2992 784 3048 513
802 3030 818 3057 ,
844 3001 896 3043 et
911 2990 957 3043 F
957 2989 1241 3044 reinshem.
1259 2989 1327 3044 ad

316 3071 596 3136 Curtium,
630 3068 744 3136 v1,
771 3087 814 3120 ιι.

384 3170 406 3202 1
419 3168 495 3217 70.
511 3150 691 3201 Funere
702 3187 718 3210 ,
737 3153 1004 3214 μαίνεσθαι,
1023 3149 1175 3209 θύειν,
1191 3162 1327 3214 sape

309 3231 458 3284 bono
493 3246 648 3281 semu
691 3224 757 3278 de
793 3223 959 3276 milite
995 3222 1183 3276 acriter
1218 3241 1329 3291 pu-

312 3317 528 3380 gnante.
571 3302 799 3360 Bruckh.
839 3301 905 3355 ad
936 3301 1176 3369 Propert.
1213 3299 1327 3368 IV,

311 3405 406 3455 vt,
435 3386 528 3439 56.
514 3404 526 3417 ·
549 3382 798 3438 sedidem
812 3391 868 3434 et
884 3380 1138 3433 iratorum
1159 3379 1254 3430 es't.
1264 3404 1332 3419 —·-

309 3470 434 3523 Non
456 3467 858 3532 ciecumspcctis,
890 3478 1004 3512 non
1025 3467 1179 3511 antea
1204 3475 1331 3526 pon·

311 3542 536 3610 demtis,
557 3542 660 3596 hoc
679 3549 788 3605 est,
811 3536 1004 3592 nimiis.
1023 3563 1090 3578 -
1113 3536 1333 3601 litigem

306 3640 507 3686 ensem,
531 3632 798 3673 summam
838 3613 1030 3667 virium
1065 3609 1331 3664 intentio-

309 3719 442 3755 nem
457 3708 681 3754 notare:
705 3693 881 3747 docuit
903 3690 1086 3746 Barth.
1111 3688 1175 3742 ad
1199 3688 1329 3744 Stat.

309 3782 427 3843 Vl,
451 3775 622 3829 Theb.
647 3793 674 3843 7
685 3773 759 3825 18.

365 3879 389 3911 1
401 3875 479 3927 72.
497 3854 740 3904 Extrema
744 3865 1011 3916 percussa·
1013 3845 1191 3900 Nescit
1201 3844 1332 3898 Bur·

309 3951 545 3998 mannus
568 3948 747 3982 annon
771 3926 964 3980 rectius
985 3933 1334 3993 extremueru-

307 4031 495 4076 ειη-α,
541 4006 731 4079 quod
717 4026 772 4059 m
805 4023 891 4062 sex
923 4003 1081 4058 libris
1120 4032 1186 4043 -
1206 4007 1330 4058 Do..

310 4096 480 4144 minus
495 4131 510 4154 ,
538 4087 629 4157 qui
651 4086 819 4139 utitur
842 4083 1011 4152 aliqua
1034 4103 1108 4136 re.
1129 4111 1197 4122 —
1214 4085 1332 4153 Cyl-

308 4171 501 4233 lenide,
524 4185 684 4238 quam
699 4162 1017 4236 aCyltenio,
1041 4163 1146 4219 sive
1166 4164 1330 4219 Mer-

1425 2595 1575 2652 curio
1600 2609 1869 2667 aceeperat
1890 2617 1904 2651 :
1928 2599 2044 2653 vide
2080 2600 2144 2654 ad
2184 2598 2292 2666 IV,
2338 2604 2445 2669 726.

1426 2673 1607 2728 Etiam
1649 2673 1898 2743 Orpheus
1923 2713 1938 2741 ,
1980 2675 2117 2730 Lith.
2160 2677 2267 2730 XV
2289 2714 2306 2743 ,
2341 2679 2404 2744 45
2430 2717 2445 2744 ,

1426 2755 1572 2830 ἅρπην
1604 2759 1868 2815 Κυλληνίῶκ
1890 2751 2063 2812 habet.

1499 2852 1605 2900 ¹77·
1651 2833 1830 2885 Verum
1875 2835 1970 2885 ubi
1993 2843 2093 2887 etc.
2135 2832 2315 2886 Serius
2348 2832 2448 2887 hoc

1427 2909 1615 2962 auxilio
1640 2908 1808 2962 utitur
1830 2919 1890 2961 ut
1909 2909 2276 2964 fortitudinem
2294 2922 2446 2965 antea

1425 2997 1731 3041 ostentaret.
1750 3015 1817 3028 —
1843 2988 2037 3055 Cogitet·-
2054 2993 2169 3056 ipsi.
2197 2989 2447 3044 Heinsius

1423 3063 1653 3118 malebat
1673 3069 1789 3133 :juset
1810 3066 1981 3120 -Ab
2006 3069 2344 3132 bosa-pelam.
2359 3067 2446 3120 Sic

1412 3141 1513 3209 sas
1524 3149 1579 3195 et
1583 3146 1649 3195 ab
1659 3146 1803 3198 hoste
1815 3146 1989 3198 doceri
1985 3147 2243 3199 .·-H0s!es
2242 3146 2444 3218 ,Gorgo

1426 3218 1555 3272 olim
1589 3219 1767 3272 occisa.
1809 3219 1942 3290 Ejus
1979 3220 2143 3291 capite
2175 3221 2226 3276 in
2266 3242 2443 3294 pugna

1425 3315 1550 3349 cum
1569 3285 1880 3365 Gigantibus
1901 3297 2138 3352 similiter
2157 3301 2323 3354 utitur
2338 3301 2446 3354 Mi·

1426 3372 1738 3443 nervaapud
1758 3371 1944 3428 Claud.
1957 3376 2223 3434 XXXVII
2228 3380 2442 3453 ,.93sqq

1427 3481 1495 3493 -
1508 3454 1725 3507 Extulit
1744 3452 1844 3520 IV,
1865 3454 1962 3508 655
1982 3460 2243 3524 ,prodidit
2260 3478 2362 3512 ora.
2381 3486 2446 3498 -

1427 3534 1716 3594 Mmcula.
1748 3534 1959 3603 magice
1973 3547 2139 3605 artes,
2162 3558 2314 3591 versu
2336 3559 2442 3613 197.

1427 3613 1748 3676 -Moeemm
1768 3618 2277 3670 terreant—Fatale
2290 3616 2441 3671 Rode

1429 3690 1585 3744 vertit
1596 3693 1690 3744 den
1706 3694 2019 3747 toedlltkben.
2041 3694 2126 3750 Sic
2147 3715 2271 3749 sane
2291 3699 2439 3750 telum

1413 3769 1618 3837 fatale,
1648 3768 1856 3823 AEneid.
1885 3771 1991 3826 XII
2010 3812 2025 3838 ,
2058 3794 2188 3846 919,
2222 3784 2277 3828 et
2304 3773 2437 3828 alibi.

1431 3846 1507 3899 At
1538 3866 1681 3901 nunc
1714 3866 1877 3902 nemo
1898 3848 1988 3902 ino
2015 3850 2438 3907 interficiebatur.

1427 3926 1573 3998 Ergo
1572 3927 1748 3996 fatale
1769 3930 1941 3999 potius
1964 3942 2042 3986 est
2058 3972 2076 4000 ‚
2103 3933 2244 4003 quod
2268 3953 2441 4004 arrep-

1426 4017 1543 4061 tum
1569 4027 1721 4062 causa
1757 4009 1855 4062 suit
1889 4009 1985 4080 ipsi
2023 4013 2343 4068 mutationis.
2371 4035 2439 4052 —·

1425 4086 1596 4138 Hesi!
1613 4090 1808 4156 signum
1833 4083 2079 4159 exquisite
2099 4130 2115 4159 ,
2140 4091 2338 4144 sactum
2361 4099 2439 4142 est

1425 4165 1795 4236 ,ἤματα-ὼ
1817 4169 1912 4222 hoc
1931 4172 2138 4244 siluam,
2148 4173 2321 4233 basin
2340 4166 2443 4220 hoc
