2975 4784
569 346 703 432 384

1099 349 1180 413 Ρ.
1255 350 1625 419 OVIDII
1683 351 2132 423 NASONIS

564 484 785 559 Prima
818 481 1000 557 dedit
1029 483 1254 582 fruges
1275 543 1295 576 ,
1330 488 1767 592 alimentaque
1796 493 1983 567 mitia
2016 493 2247 586 terr-is3

561 600 785 673 Prima
819 599 1004 673 dedit
1033 600 1213 698 leges
1242 632 1259 676 t
1293 605 1551 680 Cereris
1586 635 1815 681 sumus
1850 607 2071 681 omnia
2104 636 2385 697 munus;

557 714 683 789 Illa
715 717 1005 791 canenda
1037 718 1202 790 mihi
1237 737 1380 793 est:
1409 722 1667 796 utinam
1697 724 1899 797 modo
1933 724 2147 799 dicere
2181 756 2451 828 possem

561 832 867 907 Carmina
901 834 1103 930 digna
1128 835 1316 908 Deae!
1353 855 1526 911 certe
1560 839 1700 913 Dea
1728 839 2009 915 carmine
2045 841 2244 938 digna
2279 863 2401 920 est.

2590 866 2689 935 345

557 949 764 1021 Vasta
792 948 1116 1046 giganteis
1149 949 1388 1049 injecta
1423 969 1526 1025 est
1558 951 1776 1025 insula
1810 954 2126 1028 membris

558 1063 893 1138 Trinacris
913 1120 934 1152 ‚
967 1082 1035 1138 et
1067 1065 1325 1161 magnis
1363 1067 1738 1166 subjectum
1770 1067 2062 1143 molibus
2092 1088 2287 1165 urget

561 1179 896 1254 AEtherias
935 1207 1167 1254 ausum
1207 1208 1470 1282 sperare
1505 1182 1825 1284 Typhoea
1856 1184 2062 1259 sedes.

558 1394 680 1429 vere
702 1413 718 1442 ,
741 1374 798 1428 id
821 1384 934 1442 est,
959 1393 1109 1429 arare
1134 1375 1375 1432 instituit.
1395 1380 1573 1433 Diano-

556 1472 665 1506 eere
690 1460 870 1505 terram
893 1454 1051 1507 etiam
1068 1492 1084 1521 ,
1124 1453 1317 1526 Georg.
1345 1456 1401 1508 11
1418 1496 1435 1523 ,
1460 1458 1574 1510 513.

556 1531 814 1592 —Mitzm
845 1531 983 1584 culta
1004 1570 1020 1599 ,
1058 1551 1223 1601 quum
1241 1544 1396 1587 antea
1413 1534 1573 1604 glan-

556 1609 708 1663 dibus
743 1622 1080 1665 vescerentur
1115 1612 1373 1668 homines.
1401 1616 1535 1669 Anile
1553 1655 1570 1678 ‚

556 1686 766 1756 proprie
790 1687 856 1740 de
879 1689 1113 1760 frugibus
1135 1692 1287 1745 cultis
1310 1702 1364 1746 et
1385 1702 1572 1745 matu-

553 1767 762 1822 ritatem
782 1770 1130 1838 consequutis.
1154 1797 1223 1811 —
1240 1773 1446 1834 Sumus,
1473 1791 1572 1842 pro

555 1844 756 1914 vulgari
777 1852 927 1907 sunt,
964 1865 1027 1898 ex
1058 1847 1485 1919 Berneggeriano
1518 1859 1573 1903 et

555 1941 664 1976 uno
687 1922 1076 1993 Hamburgensi
1093 1962 1108 1990 ,
1137 1924 1226 1993 qui
1248 1944 1346 1994 pro
1368 1925 1570 1979 diversa

551 1998 774 2052 lectione
798 1997 956 2052 habet
973 2038 989 2065 ,
1015 1999 1211 2069 recepit
1230 2010 1284 2052 et
1298 2000 1571 2055 illustravit

557 2076 808 2131 Heinsius
831 2076 921 2145 qui
938 2074 1114 2130 laudat
1135 2078 1293 2131 Pont.
1317 2079 1342 2131 1
1361 2118 1378 2144 ‚
1400 2078 1481 2131 El.
1515 2099 1534 2130 1
1553 2118 1570 2145 ,

556 2174 759 2223 quorum
790 2173 963 2208 sumus
990 2159 1189 2214 ommla,
1226 2166 1280 2209 et
1309 2155 1444 2210 infra
1479 2157 1531 2210 X
1554 2196 1570 2223 ,

557 2230 621 2283 32
638 2271 654 2297 ,
677 2236 846 2285 omnia
866 2234 1099 2285 debemur
1121 2235 1292 2295 vobtlr,
1340 2232 1429 2286 ubi
1453 2233 1572 2287 vide

560 2321 725 2363 notas.
763 2307 872 2363 Sed
914 2308 1163 2378 quoniam
1203 2329 1302 2363 nos
1340 2310 1434 2380 ipsi
1470 2310 1573 2364 hoc

557 2387 674 2442 loco
706 2408 817 2442 non
860 2389 917 2442 in
961 2388 1058 2442 illis
1094 2392 1322 2442 omnibus
1346 2408 1528 2443 sumus
1555 2429 1570 2457 ,

559 2477 836 2536 propterea
858 2467 1159 2536 praeferrem
1181 2474 1325 2530 sunl,
1354 2467 1452 2520 nisi
1483 2467 1571 2519 al-

558 2553 672 2597 tera
696 2541 849 2598 lectio
876 2544 1080 2598 doctior
1106 2555 1238 2599 esset
1264 2584 1281 2611 ,
1323 2563 1481 2614 quam
1513 2556 1572 2598 ut

556 2640 587 2673 a
611 2621 821 2674 librario
840 2620 1096 2691 proficisci
1116 2623 1361 2691 potuerit.
1386 2620 1572 2675 Codex

557 2699 754 2769 Regius
768 2700 818 2753 A
835 2699 993 2753 habet
1007 2707 1128 2753 sun!
1137 2718 1155 2764 ‚·
1183 2699 1366 2754 Codex
1385 2701 1429 2754 Β
1447 2741 1462 2768 ,
1479 2721 1572 2754 su-

553 2795 680 2830 mus.
700 2804 766 2818 ·—
781 2777 1000 2841 Manu-03·
1023 2775 1146 2830 hinc
1166 2782 1401 2847 munf'fica
1418 2778 1571 2831 dicta.

555 2854 628 2909 Et
664 2855 916 2925 quoniam
950 2854 1264 2924 agricultura
1294 2865 1372 2908 est
1407 2855 1569 2908 veluti

553 2942 724 2987 mater
768 2937 930 3000 legum
969 2931 1196 2985 civilium
1228 2970 1243 2996 ,
1293 2941 1569 3000 propterea

560 3007 723 3063 Ceres
745 3010 904 3063 eiiam
924 3011 1132 3076 legistra
1145 3049 1159 3068 ,
1185 3013 1478 3083 Secpofo'poc.

611 3087 726 3151 345.
736 3089 911 3155 Difflm
922 3088 1060 3139 Dee.
1077 3083 1266 3153 Quum
1277 3104 1341 3137 an
1349 3095 1430 3137 tea
1446 3084 1568 3138 ede-

554 3172 703 3214 retur
714 3166 872 3229 digna
885 3166 1001 3216 Dea
1017 3161 1106 3232 (et
1125 3162 1196 3216 sic
1211 3161 1369 3215 habet
1383 3160 1570 3216 Codex

555 3236 752 3307 Regius
777 3238 898 3309 A),
927 3241 1207 3308 Heinsius,
1233 3261 1294 3294 ex
1320 3240 1568 3311 Berneg—

555 3316 770 3387 geriano
798 3317 1010 3395 aliisque
1038 3318 1276 3389 plurimis
1296 3357 1312 3385 ,
1341 3318 1568 3387 praetulit

555 3396 680 3446 Dee
711 3404 764 3448 et
800 3395 1010 3447 monuit
1041 3395 1178 3449 hanc
1209 3415 1391 3449 vocem
1422 3414 1567 3464 posse

554 3473 741 3526 referri
759 3471 821 3525 ad
836 3474 1031 3534 d1'ccre‚·
1060 3471 1305 3543 idemque
1328 3473 1392 3528 ad
1410 3473 1566 3527 Trist.

557 3548 659 3614 IV,
676 3564 746 3600 111
760 3587 775 3613 ,
796 3550 879 3615 57,
894 3547 1126 3616 exempla
1148 3552 1430 3621 congessit,
1448 3551 1569 3620 qui-—

556 3622 651 3675 bus
679 3628 730 3678 τὸ
751 3627 930 3691 dignus
962 3621 1268 3690 adjunctum
1291 3629 1386 3681 sibi
1410 3627 1569 3681 habet

555 3718 730 3752 casum
752 3698 1058 3756 secundum.

621 3775 734 3840 346.
747 3778 910 3828 Vasta
916 3780 1166 3843 geyanletlr
1178 3780 1355 3835 etc.Te
1361 3801 1568 3836 rrarum

555 3857 731 3903 motus
770 3861 824 3903 et
867 3851 1330 3906 subterraneorum
1364 3858 1567 3927 ignium

556 3923 877 3988 explosiones
892 3928 1040 3996 gigan
1048 3925 1181 3978 tibus
1197 3937 1347 3982 terrae
1361 3931 1569 3988 inclusis

556 3996 785 4050 tribuere
805 4001 998 4054 solebat
1021 4002 1250 4056 fabulosa
1269 4010 1565 4079 antiquitas,

556 4074 764 4147 physica
787 4076 894 4127 sere
920 4076 1264 4144 phaenomena
1294 4102 1355 4136 ex
1384 4087 1566 4141 sabulis

1667 1379 1939 1450 explicans.
1966 1381 2048 1434 Ac
2070 1381 2258 1436 sicilie
2286 1381 2539 1452 quidem,
2566 1406 2687 1438 us·

1669 1465 1759 1520 tae,
1785 1459 2025 1510 maximae
2049 1459 2105 1511 in
2132 1460 2264 1512 mari
2292 1460 2691 1515 Mediterraneo

1668 1538 1870 1596 insule,
1909 1533 2104 1588 Grecis
2134 1554 2163 1586 a
2188 1536 2354 1590 tribus
2383 1549 2692 1606 promonto-

1667 1610 1756 1662 riis
1772 1648 1788 1675 ,
1803 1614 1987 1685 ἄκραις,
2013 1612 2272 1666 Τνίησενὺ·
2285 1612 2442 1666 dicia
2455 1653 2471 1677 ,
2502 1615 2689 1668 Noster

1668 1686 1979 1759 AEsehylum
2006 1689 2188 1741 Prom.
2226 1691 2319 1742 351
2338 1730 2357 1756 ,
2397 1691 2689 1744 Pindarum

1669 1763 1777 1818 od.
1791 1767 1893 1832 IV,
1925 1787 2004 1832 ια,
2020 1777 2273 1836 sequutus
2292 1778 2405 1820 tam
2418 1768 2473 1822 h.
2491 1769 2687 1838 [quam

1670 1843 1771 1909 IV,
1789 1842 1925 1897 Fast-
1942 1847 2035 1915 49¹
2057 1884 2072 1910 ,
2098 1855 2151 1899 et
2171 1846 2226 1916 Π
2244 1885 2260 1912 ,
2287 1847 2449 1899 Pont.
2466 1863 2563 1913 m,
2591 1849 2654 1899 ²3
2672 1887 2688 1914 ,

1675 1922 1958 1991 Typhoeum
1986 1921 2194 1990 subjicit
2213 1962 2229 1987 ,
2277 1926 2400 1992 qui,
2433 1943 2598 1992 quum
2630 1925 2690 1979 in

1669 1998 1926 2051 acerrimo
1963 2018 2085 2052 cum
2121 2000 2260 2053 Jove
2295 2001 2431 2053 bello
2470 2001 2691 2055 tandem

1668 2074 1954 2127 fulminum
1970 2076 2021 2126 vi
2043 2076 2255 2130 territus
2270 2097 2369 2147 per
2388 2097 2532 2132 mare
2560 2080 2689 2133 Me·-

1669 2151 2028 2206 diterraneum
2067 2155 2250 2223 fugere
2293 2157 2566 2224 cepisset,
2597 2157 2693 2210 hac

1666 2228 1837 2283 insula
1877 2250 1906 2284 a
1938 2230 2073 2283 Jove
2106 2232 2328 2286 obrutus
2364 2233 2691 2288 credebatur.

1668 2306 1845 2376 Atque
1870 2308 1942 2361 ita
1965 2308 2124 2362 etiam
2141 2308 2411 2364 Nicander
2431 2312 2569 2380 apud
2590 2313 2693 2365 An·

1667 2394 1777 2438 ton.
1802 2385 1891 2438 lib.
1914 2401 2125 2449 xxvm;
2154 2383 2401 2456 Apollod.
2426 2389 2453 2442 1
2471 2430 2487 2454 ,
2510 2405 2569 2440 τι
2587 2429 2603 2454 ,
2630 2391 2691 2452 ὃς

1667 2464 1868 2535 Hygin.
1886 2465 1984 2517 sab.
2006 2468 2114 2517 152.
2131 2464 2451 2520 Secundum
2466 2468 2689 2521 Homer.

1668 2551 1844 2594 autem
1870 2540 2013 2595 Iliad.
2037 2542 2084 2594 B
2101 2582 2118 2609 ,
2151 2544 2245 2613 783
2263 2583 2278 2609 ,
2305 2543 2392 2597 ille
2423 2550 2482 2597 in
2504 2546 2696 2599 An'aetlr

1666 2616 1834 2685 jacet,
1860 2616 1912 2670 id
1938 2629 2049 2684 est,
2076 2619 2159 2672 vel
2181 2620 2237 2672 in
2268 2619 2459 2675 Cilicia
2479 2663 2495 2690 ,
2520 2624 2607 2678 vel
2638 2626 2694 2676 in

1667 2693 1837 2767 Syria.
1882 2695 1988 2749 Sed
2018 2696 2232 2750 Arimos
2256 2717 2429 2767 quum
2455 2701 2697 2754 nonnulli

1666 2770 1722 2824 in
1762 2771 2054 2827 Pithecusis
2094 2775 2275 2828 insulis
2315 2796 2485 2846 prope
2522 2779 2694 2832 Mise-

1664 2866 1797 2899 num
1818 2848 2435 2922 collocarent,Virgilius,
2453 2855 2582 2908 ΑΕΒ.
2600 2856 2695 2922 IX,

1669 2927 1763 2994 715
1780 2964 1798 2991 ,
1825 2945 1988 2978 unam
2013 2948 2077 2981 ex
2100 2927 2196 2982 illis
2230 2931 2559 3004 Prochytam
2596 2953 2696 2985 no-

1666 3005 1902 3060 minavit.
1916 3007 2055 3060 Vide
2073 3009 2143 3062 ibi
2162 3010 2366 3082 Heynii
2383 3012 2511 3066 Exc-
2528 3014 2695 3066 Ence-

1664 3086 1784 3136 lado
1802 3084 2024 3140 AEtnam
2046 3090 2502 3161 superimponunt
2527 3093 2696 3165 Orph.

1669 3159 1864 3228 Quint.
1901 3164 2127 3237 Smyr-n..
2164 3184 2262 3220 xlv
2288 3208 2304 3236 ,
2331 3172 2469 3232 582;
2513 3172 2695 3242 Virgil-

1667 3237 1882 3294 AEneid.
1901 3243 2015 3310 111,
2038 3248 2136 3314 578
2153 3284 2168 3311 ,
2196 3256 2250 3299 et
2266 3247 2366 3300 alii.
2391 3246 2697 3303 Commode

1665 3330 1843 3384 autem
1860 3320 2052 3378 Noster
2066 3342 2183 3376 rem
2196 3343 2421 3378 omnem
2438 3347 2468 3380 a
2484 3331 2707 3398 1·pr

1662 3397 1914 3466 supplicio
1950 3410 2005 3452 et
2038 3402 2267 3455 motibus
2304 3406 2541 3473 repetit;
2578 3424 2701 3459 eum

1665 3473 1811 3526 enim
1852 3475 2020 3529 Pieris
2043 3488 2097 3531 et
2130 3480 2378 3533 carminis
2407 3483 2491 3536 sui
2537 3503 2701 3553 argu-

1664 3562 1909 3604 mentum
1927 3553 2151 3623 fecerat,
2178 3568 2234 3610 et
2253 3558 2384 3611 falso
2408 3560 2469 3612 in
2494 3560 2701 3614 honore

1664 3641 1926 3697 posuerat.
1951 3660 2016 3671 —
2035 3635 2231 3696 Moles.
2264 3648 2484 3691 montes
2518 3651 2579 3692 et
2602 3660 2705 3710 op-

1663 3705 1787 3775 pida
1806 3746 1823 3773 ,
1865 3717 1927 3760 ut
1949 3728 2105 3763 versu
2138 3712 2268 3779 354,
2308 3720 2550 3769 remoliri
2574 3736 2709 3784 poa·-

1663 3785 1786 3835 dera
1825 3792 1979 3839 terre.
2018 3816 2087 3828 -
2121 3790 2347 3856 sperare.
2398 3793 2672 3848 Nonnulli
2694 3834 2711 3858 ,

1662 3869 1915 3928 ,φαῖσι-ε,-
1941 3864 2192 3920 Heinsius
2216 3869 2453 3925 malebat
2477 3879 2711 3939 spinum,

1665 3938 1719 3990 id
1737 3950 1845 4006 est,
1862 3941 2135 4009 affictas-e,
2154 3943 2301 4014 quod
2322 3948 2509 4003 multis
2522 3970 2717 4003 exem-

1663 4014 1759 4082 plis
1782 4018 1968 4085 probat
1993 4041 2005 4083 ς
2039 4021 2230 4075 eodem
2245 4043 2411 4090 „sensu
2429 4063 2445 4090 ,
2476 4028 2501 4081 1
2523 4066 2541 4092 ,
2573 4032 2676 4081 152
2698 4067 2715 4090 ‚

1661 4112 1863 4160 regnum
1914 4096 2166 4167 affl-ctam
2226 4109 2427 4158 celeste
2458 4125 2480 4172 ,-
2548 4108 2718 4173 Regii
