2975 4784
631 313 1703 381 METAMORPHOSEON
1752 318 1947 385 LIB.
2001 320 2089 387 V.

2292 320 2417 406 401

307 453 568 553 Vixque
599 468 824 525 movet
849 467 1038 523 natas
1065 477 1187 551 per
1217 450 1451 524 inertia
1479 448 1747 524 brachia
1776 480 2064 553 pennas;

305 569 637 671 Foedaque
671 568 749 642 fit
781 566 1105 655 volucris,
1141 565 1402 641 venturi
1433 564 1667 639 nuntia
1698 564 1910 642 luctus
1929 626 1948 658 ‚

305 687 594 779 Ignarus
621 683 813 757 bubo
837 738 857 768 ,
893 681 1111 754 dirum
1146 680 1542 776 mortalibus
1578 709 1793 756 omen.

2322 716 2424 769 55⁰

415 834 451 866 »
491 800 622 873 Hic
657 817 878 872 tamen
908 797 1157 871 indicio
1190 825 1453 899 poenam
1474 854 1494 885 ‚
1527 796 1885 900 linguaque
1916 801 2119 878 videri

308 915 797 990 Commeruisse
823 930 1090 1013 potest:
1121 912 1349 1002 vobis,
1387 914 1782 989 Acheloides
1803 972 1823 1004 ‚
1856 917 2034 992 unde

307 1031 547 1105 Pluma
577 1031 909 1130 pedesque
941 1028 1192 1115 avium,
1227 1057 1433 1129 quum
1463 1029 1741 1125 virginis
1775 1059 1891 1104 ora
1921 1032 2215 1126 geratis?

311 1148 423 1220 An
459 1147 613 1247 quia
632 1202 652 1232 ‚
694 1173 900 1245 quum
932 1143 1175 1240 legeret
1204 1173 1441 1218 vernos
1475 1145 1871 1247 Proserpina
1902 1146 2097 1221 flores
2121 1204 2141 1237 ‚

310 1264 394 1334 In
427 1262 742 1335 comitum
773 1288 1047 1334 numero
1084 1258 1340 1350 mixtae,
1378 1260 1641 1335 Sirenes
1661 1318 1681 1350 ,
1718 1262 1971 1336 eratis?

2334 1289 2433 1342 555

312 1377 535 1473 Quam
567 1394 920 1478 postquam
956 1393 1101 1449 toto
1132 1374 1380 1450 frustra
1411 1376 1739 1477 quaesistis
1771 1377 1844 1449 in
1878 1378 2042 1453 orbe
2066 1434 2086 1466 ‚

310 1492 634 1564 Protinus
668 1509 744 1565 ut
774 1509 1053 1565 vestram
1085 1491 1409 1566 sentirent
1441 1518 1704 1590 aequora
1734 1519 2003 1590 curam„

243 1683 252 1693 ,
307 1607 515 1680 Posse
549 1636 750 1708 super
781 1608 1022 1682 fluctus
1054 1605 1307 1680 alarum
1341 1605 1644 1679 insistere
1678 1605 1876 1679 remis

309 1726 660 1824 Optastis;
697 1723 1053 1823 facilesque
1088 1724 1271 1796 Deos
1309 1721 1686 1808 habuistis,
1726 1737 1792 1794 et
1821 1739 2001 1796 artus

310 1838 590 1920 Vidistis
621 1857 873 1915 vestros
907 1837 1149 1913 subitis
1177 1835 1520 1914 flavescere
1554 1837 1809 1937 pennis».

374 2041 624 2095 551-553.
643 2043 856 2094 Sirenes.
871 2041 1010 2094 Nota
1026 2049 1151 2093 suut
1166 2076 1181 2102 ,
1208 2055 1325 2106 que

310 2120 611 2184 Homerus,
638 2118 748 2173 od.
770 2130 818 2172 Μ
839 2157 854 2184 ,
880 2119 946 2188 39
965 2135 1075 2185 sqq.
1094 2154 1110 2181 ,
1135 2114 1200 2168 de
1225 2115 1325 2168 si-

306 2197 524 2251 renibus
555 2196 719 2248 finxit.
761 2193 964 2248 Confer
991 2192 1164 2262 Orph.
1199 2192 1325 2262 Arg.

313 2274 444 2327 1268
489 2291 599 2341 sqq.
627 2311 642 2336 ‚
689 2281 744 2324 et
783 2269 1027 2340 Apollon.
1065 2269 1168 2324 Rh.
1207 2271 1322 2337 IV,

307 2356 407 2423 892
438 2369 550 2420 sqq.
601 2350 771 2403 Erant
809 2358 1044 2418 monstra
1087 2346 1323 2414 marina,

306 2447 424 2499 quo
449 2429 591 2482 inter
612 2426 817 2480 ltaliam
848 2435 903 2478 et
929 2424 1158 2478 Siciliam
1178 2464 1194 2491 ,
1229 2426 1325 2478 in-

306 2507 473 2561 sulam
520 2503 806 2574 quamdam
846 2501 1176 2568 incolebant,
1216 2519 1326 2554 na·-

311 2604 501 2655 vesque
527 2583 762 2654 appulsae
789 2600 917 2634 voce
955 2599 1148 2634 canora
1178 2579 1326 2636 deti-

309 2663 521 2716 nebant.
542 2662 703 2715 Pater
715 2676 900 2714 earum
916 2658 1141 2711 traditur
1157 2657 1326 2711 Ache·

307 2745 420 2793 lons
437 2758 455 2803 ‚⁰
481 2750 706 2792 matrem
720 2739 918 2792 faciunt
934 2736 1018 2790 alii
1032 2736 1292 2805 Steropen
1307 2773 1323 2801 ,

310 2818 397 2870 alii
434 2816 822 2886 Terpsichoren
842 2855 858 2882 ,
897 2815 980 2868 alii
1025 2814 1328 2883 Melpome-

311 2913 420 2948 nen
446 2905 535 2948 aut
573 2893 862 2962 Calliopen.
897 2894 1074 2946 Etiam
1104 2892 1326 2945 nomina

308 2992 494 3028 earum
509 2973 649 3026 varie
660 2971 986 3026 exhibentur.
999 2975 1049 3024 A
1065 2971 1323 3043 Lycophr.

308 3062 567 3106 vocantur
613 3050 952 3118 Parthenope
970 3088 986 3115 ,
1037 3048 1286 3103 Leucosia
1305 3088 1321 3115 ,

308 3130 471 3201 Ligia.
504 3129 661 3183 Extat
689 3126 968 3181 Claudiani
1002 3126 1324 3196 epigramma

309 3211 405 3276 24,
454 3208 512 3261 in
544 3220 682 3273 eas,
731 3205 822 3258 ubi
866 3204 1047 3258 Barth.
1081 3202 1321 3272 collegit,

307 3297 569 3356 quantum
611 3285 747 3339 satis.
783 3281 937 3336 Adde
981 3281 1207 3335 Bruckh.
1256 3281 1324 3334 ad

306 3364 484 3418 Tibul.
520 3364 621 3430 IV,
648 3380 670 3415 1
692 3402 707 3429 ,
745 3361 826 3433 69.
853 3359 1108 3414 Creditur
1145 3367 1325 3411 autem

306 3443 614 3495 Homerum
649 3439 747 3493 hnc
785 3438 957 3492 sabula
999 3435 1323 3503 descripsisse

304 3519 630 3588 voluptatem
645 3516 975 3570 mortiferam
990 3553 1005 3580 ,
1021 3525 1080 3567 ut
1094 3512 1327 3582 pluribus

304 3595 462 3649 docet
499 3596 679 3648 Borat.
720 3592 940 3647 Geneal.
974 3591 1137 3644 Deor.
1180 3589 1322 3655 vn,

302 3692 388 3725 πο.
411 3672 477 3723 In
494 3672 825 3740 Proserpinae
843 3670 1094 3724 comitatu
1107 3669 1325 3719 suerunt

302 3749 469 3804 etiam
505 3748 798 3801 secundum
835 3741 1081 3817 Apollon.
1124 3745 1321 3816 Hygia.

301 3829 408 3885 sab.
445 3831 531 3894 ¹4¹
557 3849 571 3892 ς
600 3826 874 3880 Claudian.
899 3827 1018 3892 111,
1047 3827 1325 3893 254tpos-

301 3921 483 3964 tremo
505 3905 621 3958 loco
637 3944 653 3970 ,
680 3908 874 3972 rapide's
893 3903 1200 3956 Achelotdes
1223 3905 1325 3955 alis

307 3987 533 4040 Sublata
571 3984 738 4037 Sauli
772 3985 909 4034 lalus
946 3984 1180 4035 obsedere
1214 3983 1323 4033 Pe·-

306 4069 412 4122 lon’
422 4075 521 4120 etc.

580 4163 735 4232 III.

2342 1860 2441 1912 560

1488 2038 1599 2090 552.
1629 2038 1788 2089 Unde.
1819 2037 1975 2106 Apud
1995 2038 2272 2109 Hyginum
2291 2077 2307 2104 ,
2341 2039 2441 2092 Si-

1420 2133 1576 2169 renes
1604 2114 1816 2169 Cereris
1840 2117 2110 2170 voluntate
2130 2128 2437 2180 mutantur.

1420 2195 1567 2263 quod
1595 2195 1924 2264 Proserpina
1944 2195 2191 2248 auxilium
2215 2215 2326 2249 non
2343 2207 2440 2250 tu-

1421 2272 1608 2326 lerant.
1624 2299 1690 2312 --
1714 2275 1937 2338 Virginis
1951 2291 2043 2325 om
2054 2277 2260 2338 geratis.
2279 2274 2442 2344 Supe-

1421 2349 1621 2402 riorem
1639 2359 1840 2417 partem
1852 2348 2114 2402 habebant
2130 2350 2439 2420 virgineam,

1415 2426 1731 2479 inferiorem
1790 2425 2143 2495 gallinaceam.
2197 2428 2243 2480 F
2247 2429 2438 2498 uigent.

1423 2505 1607 2578 Myth.
1637 2505 1691 2559 Π
1715 2544 1731 2571 ,
1776 2526 1852 2558 ιι.

1490 2585 1604 2636 555.
1638 2584 1703 2635 In
1734 2600 1937 2634 numm
1963 2585 2133 2634 mile
2148 2622 2162 2643 ,
2192 2582 2441 2636 immixta

1422 2679 1685 2722 numer-og
1713 2659 2443 2715 vid.Burmannus.—Hein-

1419 2739 1529 2792 eiua
1542 2738 1769 2792 malebat
1782 2742 2021 2792 ἱππικὰ-[ο
2033 2757 2235 2791 numero
2257 2758 2272 2790 .·
2298 2758 2445 2798 meru

1424 2826 1502 2869 est
1534 2816 1647 2870 haec
1676 2815 1884 2869 Heinsii
1920 2815 2258 2882 emendatio,
2296 2833 2442 2885 aque

1423 2913 1482 2948 ae
1507 2913 1625 2964 que
1658 2895 1896 2965 proxima
1930 2895 2089 2948 venit.
2112 2896 2295 2946 Ed.—
2314 2898 2445 2949 Pro-

1421 2981 1559 3028 tinus
1595 2981 1651 3027 1⁶11
1678 2983 1920 3036 vestram,
1962 2973 2201 3026 mutabat
2239 2973 2296 3025 in
2342 2993 2443 3027 non
2508 2995 2514 3002 ·

1420 3060 1589 3107 mz‘ems
1609 3062 1670 3107 ut
1678 3062 1910 3106 vestram.
1927 3081 1995 3093 —
2014 3054 2089 3105 U!
2101 3056 2344 3106 tenth-ml
2353 3072 2443 3106 cn-

1419 3152 1530 3185 mm
1544 3174 1558 3195 ‚
1583 3143 1644 3185 ut
1661 3133 2035 3201 Proserpinam
2050 3132 2208 3184 etiam
2223 3150 2317 3200 per
2335 3151 2443 3185 ma·

1419 3209 1498 3261 ria
1514 3227 1749 3277 quaerere
1765 3210 2179 3277 possetis—Ale
2188 3209 2439 3276 frequen-

1419 3297 1504 3356 ter
1526 3305 1649 3339 cum
1686 3287 1903 3340 navium
1939 3292 2089 3338 remis
2117 3304 2440 3355 comparan-

1420 3375 1524 3418 tur.
1550 3369 1832 3432 Bemt’gimn
1853 3370 2049 3419 alaman
2072 3376 2149 3419 eet
2173 3366 2311 3436 apud
2333 3366 2445 3419 Lu-

1420 3442 1674 3507 cretium,
1703 3442 1781 3494 vl
1800 3482 1814 3507 ,
1850 3444 1979 3513 743;
2008 3453 2062 3496 et
2090 3442 2228 3513 apud
2259 3442 2440 3512 virgil.

1422 3521 1711 3589 aliquoties.
1732 3520 1912 3590 Eurip.
1939 3522 2105 3592 lphig.
2122 3522 2288 3575 Taur.
2306 3523 2406 3595 289
2422 3562 2438 3590 ,

1417 3611 1593 3675 πτεροῖς
1605 3603 1789 3675 ε’ρὲσση.
1815 3599 2101 3670 Reciproca
2120 3611 2199 3653 est
2218 3639 2233 3664 ,
2254 3599 2441 3654 obser-

1419 3688 1577 3731 vante
1602 3677 1817 3743 Servio,
1842 3678 1906 3730 ad
1930 3678 2056 3731 AEn.
2083 3679 2108 3730 1
2126 3717 2141 3744 ,
2181 3680 2305 3744 224,
2329 3697 2436 3730 na-

1420 3758 1567 3809 vium
1601 3767 1655 3810 et
1688 3757 1864 3810 avium
1895 3756 2220 3825 metaphora.
2258 3757 2439 3826 ltaque

1420 3835 1555 3889 remi
1591 3835 1813 3889 vicissim
1854 3835 2016 3889 Hom.
2059 3833 2167 3887 Od.
2202 3844 2278 3899 A,
2313 3838 2437 3901 ¹²4,

1419 3923 1676 3964 vocantur
1691 3914 1844 3988 sta-spei.
1858 3939 1928 3952 —-·
1942 3914 2134 3963 Facile&
2154 3909 2301 3962 Deus
2315 3949 2329 3975 ‚
2348 3911 2440 3978 qui

1417 3990 1565 4043 facile
1585 4001 1637 4044 et
1664 3992 1889 4061 benigne
1915 3990 2243 4059 obtemperat
2268 3988 2442 4057 preci-

1419 4067 1533 4120 bus.
1556 4096 1623 4108 —-
1656 4071 1861 4122 Vestras
1886 4071 2082 4122 subitis.
2110 4066 2296 4121 Codex
2330 4066 2443 4116 Re-

2018 4167 2107 4231 26
