2975 4784
985 353 2024 425 METAMORPHOSEON.
2491 355 2577 423 35

346 511 649 563 soror
676 545 700 579 ,
730 491 992 570 invidiae
1018 522 1273 570 veneno
1305 493 1547 568 infecta
1574 493 1646 566 in
1673 521 1888 568 saa-tem
1920 493 2296 590 obrigescit.
2339 495 2585 571 Postea

347 605 726 710 Jupiter
741 673 759 701 ,
799 645 1005 717 quum
1033 616 1442 692 Mercurium
1466 616 1538 689 in
1563 614 1790 691 calum
1813 644 2140 692 reversum
2165 618 2376 693 boves
2402 620 2583 715 Age-

350 734 627 810 noris
678 739 768 814 ad
804 738 965 816 litus
998 758 1285 816 avertere
1313 740 1651 839 jussisset,
1685 757 1902 815 sumta
1929 743 2099 815 tauri
2117 743 2334 844 specie
2359 800 2379 832 ,
2432 743 2583 817 Eu-

358 883 671 956 ιψαυι
711 889 837 962 per
865 893 1041 939 mare
1076 865 1147 938 iu
1182 865 1445 940 Cretam
1493 863 1868 938 transvexit.

494 1013 719 1089 Lm.
750 1018 875 1091 111.
923 1018 1157 1094 Piliam
1187 1019 1494 1094 amissam
1516 1019 1791 1115 Agenor
1831 1014 2135 1091 Cadmum
2159 1018 2349 1117 jubet
2370 1020 2583 1096 inves-

366 1135 687 1231 tigare.
738 1142 950 1239 Quod
982 1143 1138 1218 dum
1169 1142 1281 1219 ille
1313 1142 1472 1219 facit
1497 1201 1518 1233 ,
1553 1142 1626 1216 in
1656 1143 1921 1218 Boeotia
1947 1172 1984 1218 e
2018 1141 2293 1217 dentibus
2316 1143 2590 1220 draconis

372 1261 657 1337 occisi
727 1268 880 1341 satis
931 1287 1330 1345 enascuntur
1373 1267 1644 1342 homines
1665 1326 1683 1353 ,
1738 1266 2140 1368 quibuscum
2187 1267 2299 1342 ille
2358 1269 2597 1344 deinde

368 1381 733 1460 Thebas
758 1391 1086 1467 condidit.
1114 1395 1291 1467 Huic
1311 1420 1453 1466 non
1480 1392 1753 1466 omnino
1779 1391 1955 1466 felici
1979 1390 2284 1466 luctuosa
2306 1393 2594 1495 primum

378 1501 557 1578 suit
588 1509 946 1588 Attoeonis
966 1515 1231 1617 nepotis
1253 1516 1326 1589 in
1350 1543 1582 1589 cervum
1601 1514 1836 1589 mutati
1864 1513 2236 1604 dilaniatio;
2263 1544 2408 1616 quae
2435 1544 2590 1590 vero

383 1627 439 1698 J
448 1632 758 1719 anoni,
794 1663 1004 1734 quum
1033 1638 1307 1713 Semelen
1327 1639 1661 1741 pellicem,
1687 1638 1920 1713 Cadmi
1939 1637 2178 1726 filiam,
2225 1656 2304 1712 ut
2332 1667 2596 1714 omnem

386 1749 805 1844 Agenoris
838 1757 1113 1836 domum
1138 1820 1158 1851 ,
1197 1763 1484 1852 odisset,
1523 1781 1706 1859 grata
1737 1762 1865 1836 snit
1901 1790 1917 1835 ε
1946 1762 2231 1866 ideoque
2263 1762 2346 1838 ad
2383 1764 2597 1866 ipsam

400 1868 615 1945 facie
640 1874 901 1953 Beroes
929 1885 1243 1960 accedens
1261 1941 1281 1973 ,
1311 1884 1468 1959 dolo
1493 1884 1742 1973 effecit,
1773 1903 1850 1960 ut
1867 1884 1978 1959 illa
1995 1886 2185 1960 Jovis
2199 1885 2598 1961 fulminibus

409 1994 1005 2076 combureretur.
1052 2007 1234 2080 Dum
1268 2005 1595 2091 Bacchus,
1635 2036 1673 2082 e
1705 2007 1991 2082 Semeles
2033 2007 2371 2101 flagrantis
2403 2026 2596 2082 utero

413 2133 803 2205 servans,
838 2121 920 2195 in
956 2128 1158 2201 terris
1190 2129 1484 2202 nutritur
1506 2183 1526 2215 ,
1559 2128 1826 2227 Jupiter
1868 2155 2020 2200 cum
2058 2128 2326 2199 Junone
2372 2127 2606 2226 dispu-

425 2247 647 2321 tans,
686 2257 850 2315 utra
888 2245 983 2319 sit
1013 2250 1254 2324 Venus
1287 2248 1585 2333 suavior,
1624 2247 1922 2320 Tiresian
1950 2245 2224 2319 adhibet
2248 2246 2610 2335 arbitrum,

416 2357 1033 2462 quandoquidem
1068 2399 1303 2445 sexum
1330 2387 1688 2467 utrumque
1721 2366 1936 2440 fuerat
1967 2383 2296 2467 expertus.
2334 2369 2440 2454 Is,
2486 2367 2616 2442 lata

404 2496 668 2555 contra
700 2485 1102 2565 Junonem
1136 2492 1458 2566 sententia
1478 2546 1500 2578 ,
1546 2490 1630 2563 ab
1665 2488 1780 2562 illa
1811 2487 2074 2587 quidem
2109 2487 2255 2561 visu
2285 2490 2578 2587 privatus
2597 2546 2617 2575 ,

404 2623 445 2668 a
479 2599 665 2678 Jove
704 2625 973 2683 antem
1032 2611 1445 2687 vaticinandi
1501 2610 1840 2685 scientiam
1878 2625 2274 2682 consecutus
2304 2625 2425 2681 est.
2478 2610 2627 2683 Pri-

396 2746 594 2798 mum
630 2729 799 2826 ejus
842 2734 1250 2810 oraculum
1293 2736 1364 2809 in
1413 2734 1711 2810 Narakso
1759 2730 2266 2831 comprobatum
2305 2728 2478 2803 fuit:
2507 2732 2622 2832 qui

399 2869 615 2941 quum
654 2852 989 2951 puellas
1036 2884 1329 2941 omnes,
1356 2855 1534 2927 inter
1560 2881 1724 2952 quas
1755 2869 1824 2926 et
1851 2848 2035 2924 Echo
2063 2877 2200 2950 prae
2232 2851 2470 2924 amoris
2501 2853 2627 2927 im-

394 2969 731 3063 patientia
759 2976 853 3050 iu
878 2979 1387 3052 mffierat
1413 3004 1745 3061 conversa,
1768 2973 2271 3060 comtemsisset,
2293 2976 2398 3048 sui
2416 2975 2627 3076 ipsius

396 3092 663 3170 tandem
726 3127 1038 3173 amore
1110 3100 1636 3182 contabescens,
1650 3094 1785 3196 flos
1812 3111 1915 3168 est
1946 3093 2157 3168 sactus
2189 3095 2291 3167 sui
2320 3098 2634 3173 nominis.

389 3208 719 3294 Pentheus
760 3239 1077 3295 tamen
1120 3237 1347 3293 vatem
1376 3219 1557 3291 bunc
1585 3214 1948 3301 irridebam
2007 3240 2378 3316 quanquam
2411 3236 2480 3292 et
2509 3220 2646 3320 ipsi

384 3331 507 3411 fata
524 3341 795 3419 futura
816 3342 1337 3445 praedicebat
1350 3397 1371 3427 ,
1399 3340 1645 3439 quibus
1661 3364 1818 3409 mox
1839 3354 2108 3410 eventus
2126 3340 2422 3413 constitit
2448 3370 2464 3414 z
2491 3370 2648 3415 nam

376 3483 577 3556 quum
620 3467 917 3561 Orgia
966 3462 1527 3537 celebrarentur
1552 3513 1573 3545 ,
1626 3457 1738 3529 ille
1788 3456 2100 3530 Bacchum
2119 3517 2138 3543 ‚
2193 3460 2318 3533 sub
2369 3490 2662 3561 persona

372 3578 597 3660 famuli
632 3612 1127 3663 sacrorum
1172 3581 1539 3665 latentem,
1571 3594 1924 3677 postquam
1958 3578 2024 3649 T
2003 3578 2300 3682 primm:
2327 3599 2550 3656 namus
2587 3584 2663 3655 in

372 3702 709 3806 despln‘nos
750 3736 969 3786 esse
1022 3703 1587 3779 transformatos
1611 3699 1694 3771 ab
1725 3699 1956 3773 eodem
1979 3721 2404 3794 cognoverat,
2421 3704 2500 3776 in
2523 3706 2675 3776 vin-

365 3826 499 3904 cula
534 3833 923 3933 conjecit
954 3859 987 3917 3
1056 3825 1191 3898 ob
1240 3820 1437 3921 qnod
1464 3820 1711 3893 facinus
1741 3848 1779 3893 a
1803 3820 2090 3893 Bacchis
2109 3839 2213 3895 est
2243 3822 2628 3922 discerptus
2657 3852 2679 3910 3

362 3947 419 4023 id
440 3957 657 4057 quod
698 3974 1161 4048 magnam
1200 3939 1403 4041 apud
1427 3968 1651 4014 omnes
1675 3941 1870 4015 fidem
1902 3942 2101 4015 sacris
2133 3941 2538 4014 conciliavit.

434 4104 613 4180 1⁴12
656 4105 831 4178 lv,
914 4087 1329 4173 Alcithoe
1359 4102 1570 4156 tamen
1594 4104 1658 4157 et
1685 4113 1942 4158 sorores
1960 4138 1982 4171 ,
2019 4100 2406 4155 constanter
2422 4110 2504 4153 ea
2531 4110 2724 4164 con-
