2975 4784
881 466 1940 539 METAMORPHOSEON·
2395 470 2483 562 37

337 607 592 683 thusoe
573 637 644 682 ιιι
665 608 903 694 latices,
934 611 1145 718 Lynci
1166 612 1452 713 denique
1474 615 1653 710 regis
1673 615 1742 687 in
1763 616 1942 721 {raca
1963 611 2486 698 mutationibus,

339 745 548 830 atque
586 727 956 828 Triptolemi
979 729 1380 822 agricultura
1418 731 1596 805 iuter
1639 759 1708 805 se
1741 747 2160 805 certaverant.

436 861 605 933 Lm.
640 858 759 931 Vl.
799 857 959 955 Quo
990 858 1295 960 exemplo
1325 878 1510 935 mota
1543 860 1764 935 Pallas
1798 860 1881 936 de
1915 860 2243 936 Arachnes
2282 858 2487 934 exitio

345 975 689 1070 cogitavit.
727 976 1002 1075 Itaque
984 976 1153 1049 mito
1173 1005 1322 1050 cum
1342 1007 1416 1052 ea
1436 978 1705 1052 texendi
1726 978 2079 1053 certamine
2095 1034 2115 1065 ,
2135 993 2493 1078 postquam

347 1092 703 1191 utriusque
744 1090 871 1165 tela
901 1093 1113 1166 varias
1144 1091 1698 1194 tranfinnate'ones
1728 1093 2250 1195 repraeseutavit,
2277 1092 2493 1193 ipsam

348 1205 420 1278 iu
449 1233 746 1278 amaeam
793 1207 1092 1279 mutavit.
1143 1208 1376 1307 Neque
1413 1226 1633 1283 tamen
1659 1208 1872 1285 Niobe
1909 1204 2256 1310 popularis
2297 1206 2500 1305 hujus

350 1348 550 1420 poena
579 1318 920 1394 admonita
955 1338 1086 1410 est,
1125 1350 1262 1421 quo
1295 1323 1519 1398 minus
1551 1353 1621 1398 se
1656 1327 1932 1399 Latonae
1965 1321 2347 1426 praeferret3
2406 1323 2498 1396 ob

355 1465 557 1536 quam
586 1435 901 1511 ferociam
920 1493 941 1524 ,
978 1437 1343 1512 interfectis
1377 1440 1463 1513 ab
1510 1438 1830 1540 Apolline
1889 1457 1958 1514 et
1993 1439 2214 1512 Diana
2268 1436 2501 1511 liberis

356 1553 500 1651 ejus
538 1551 891 1639 omnihus,
929 1552 1002 1624 in
1027 1581 1251 1626 saxum
1287 1553 1634 1628 obduruit.
1686 1558 1847 1653 Quo
1883 1555 2154 1656 quidem
2188 1554 2500 1650 cognito,

356 1694 539 1739 unus
564 1695 599 1740 e
626 1666 828 1762 vulgo
857 1667 1086 1774 Lycios
1110 1670 1361 1744 msu’cos
1383 1671 1455 1744 in
1481 1699 1665 1745 moos
1693 1702 1733 1747 a
1759 1674 2017 1746 Latona
2042 1699 2301 1759 versos,
2336 1669 2502 1744 alter

360 1781 685 1887 Mat-yma
711 1783 795 1857 ab
823 1782 1143 1885 Apolline
1177 1787 1584 1861 excoriatum
1618 1788 1691 1859 in
1725 1788 2112 1862 memoriam
2138 1787 2492 1862 revocavit.

358 1899 626 1974 Nioben
682 1898 869 1996 luget
914 1901 1150 2004 Pelops
1169 1962 1188 1988 ‚
1240 1904 1349 1978 cui
1381 1904 1699 1978 humerus
1731 1904 2066 1979 eburneus
2097 1904 2294 1978 datus
2327 1921 2490 1978 erat.

364 2015 496 2090 Sed
526 2016 608 2091 ad
636 2016 1082 2092 consolandos
1111 2019 1473 2094 Thebanos
1506 2020 1778 2093 urbium
1821 2020 2253 2094 finitimarum
2295 2018 2498 2114 legati

370 2151 837 2207 convenerunt.
864 2132 1007 2206 Soli
1030 2133 1298 2207 deerant
1317 2135 1784 2222 Athenienses,
1808 2135 2126 2235 quoniam
2143 2134 2500 2208 abal-baris

375 2247 747 2341 agminibus
778 2249 1297 2338 infestabantur,
1336 2278 1510 2350 quos
1549 2250 1783 2324 Tereus
1803 2250 2009 2337 fudit,
2047 2251 2154 2324 cui
2187 2251 2496 2324 Pandion

371 2363 653 2439 Pmcnen
684 2366 753 2439 in
784 2367 1281 2442 matrimonium
1321 2367 1525 2441 dedit.
1570 2367 1639 2439 ls
1679 2365 1811 2440 alio
1847 2385 2147 2467 tempore
2198 2366 2500 2440 Athenas

364 2510 701 2569 reversus,
739 2513 947 2584 quum
978 2482 1433 2569 Philomelam,
1471 2481 1706 2556 uxoris
1737 2510 2082 2570 sororem,
2122 2510 2346 2556 secum
2378 2484 2496 2557 ab·

366 2596 693 2686 duxisset,
730 2627 807 2673 ea
842 2616 1193 2700 stuprata,
1226 2597 1507 2700 aliisque
1540 2598 1954 2672 facinoribus
1974 2599 2405 2699 perpetratis,
2428 2599 2501 2672 in

362 2744 628 2817 upupam
670 2733 775 2791 est
807 2715 1360 2804 transformatus,
1414 2714 1974 2815 quemadmodum
2021 2713 2446 2788 Philomela
2428 2746 2498 2791 ιιι

364 2831 717 2918 iamim,
773 2832 1064 2907 Pmcne
1045 2862 1116 2905 m
1141 2831 1543 2907 binmdae'nem.
1583 2835 1756 2930 Quae
1787 2861 1894 2907 res
1926 2826 2257 2906 Pandioni
2304 2834 2496 2909 iutel-

367 2946 530 3023 lecta
565 2965 849 3021 mortem
882 2946 1129 3023 attulit.
1167 2948 1399 3023 Huic
1379 2978 1451 3022 ιιι
1483 2977 1694 3043 reguo
1719 2949 2038 3023 successit
2068 2948 2492 3040 Erechtheus,

370 3065 556 3163 cujus
598 3063 807 3139 filiam
846 3062 1193 3170 On’tlya'om
1226 3066 1479 3139 Boreas
1512 3065 1772 3165 rapuit,
1808 3081 2007 3165 atque
2040 3094 2120 3139 ex
2150 3068 2336 3168 rapta
2371 3054 2500 3142 Ca-

371 3177 493 3251 loiu
522 3180 900 3281 procreavit
930 3197 999 3254 et
1027 3179 1269 3254 Zethen
1285 3240 1305 3266 ,
1367 3181 1484 3280 qui
1535 3181 1608 3253 in
1639 3183 2184 3275 Argonautarum
2221 3212 2500 3258 numero

374 3291 645 3370 fuerunt
663 3352 683 3385 ,
723 3325 935 3400 quum

462 3431 620 3502 Lm.
655 3431 823 3517 VII,
851 3428 1089 3516 Jason,
1131 3430 1323 3504 victis
1348 3428 1602 3503 Medeoe
1627 3427 1874 3503 auxilio
1907 3431 2112 3505 tauris
2138 3432 2360 3528 ignem
2385 3461 2504 3506 vo·

362 3545 710 3618 mentibus
725 3600 744 3633 ,
780 3546 1120 3621 seminatis
1154 3548 1483 3648 serpentis
1512 3543 1790 3620 denu‘bus
1817 3604 1834 3631 ,
1891 3575 1927 3620 e
1959 3548 2210 3649 quibus
2239 3547 2506 3620 homines

360 3661 594 3739 annali
606 3660 1024 3762 prodierunt,
1054 3681 1123 3738 et
1154 3662 1439 3737 dracone
1471 3661 1722 3763 sopito,
1749 3662 1952 3735 vellus
1979 3690 2226 3736 aureum
2252 3661 2500 3737 retulit.

362 3775 610 3850 Medea
626 3832 647 3866 ,
694 3779 739 3851 J
744 3804 1017 3851 asonem
1051 3777 1123 3851 in
1183 3776 1504 3851 Graeciam
1537 3777 1848 3852 comitata
1867 3833 1887 3866 ,
1940 3776 2203 3853 AEsoni
2225 3777 2510 3853 medica-

354 3908 748 3966 mentorum
806 3921 936 3993 ope
977 3893 1392 3991 juventutem
1439 3892 1732 3968 reddidit
1751 3949 1773 3983 ,
1826 3892 2251 3993 eamdemque
2309 3889 2510 3964 Pelioe

359 4005 672 4107 pollicita
693 4064 713 4096 ,
748 4007 1094 4110 praemisso
1133 4007 1336 4081 onitate
1365 4008 1437 4081 in
1465 4037 1690 4110 agnum
1731 4007 2066 4083 reformati
2109 4005 2465 4108 specimine
2489 4061 2509 4093 ,

362 4122 533 4197 dolo
573 4151 727 4198 eum
764 4124 1029 4198 occidit.
1069 4121 1237 4197 Inde
1262 4151 1384 4224 per
1403 4125 1582 4199 varia
1607 4124 1755 4199 loca
1776 4125 1982 4196 multis
2009 4121 2296 4215 insignia
2319 4134 2517 4196 trans-

341 4239 837 4337 finnaubnibus
862 4240 1108 4334 delata,
1138 4257 1301 4342 post
1327 4241 1583 4317 occisos
1608 4240 1864 4349 liberos
1879 4235 2111 4335 AEgeo
2137 4237 2370 4339 nupsit
2392 4241 2520 4315 sub
