2975 4784
768 403 1796 473 METAMORPHOSEON
1854 406 2047 473 LIB.
2097 409 2231 476 IV.

2443 405 2564 487 341

457 545 782 619 Constitit
814 545 1175 646 Hesperio,
1213 545 1437 641 regnis
1472 543 1766 617 Atlantis
1788 600 1808 632 ,
1844 545 1914 617 in
1949 546 2148 632 orbe;

456 660 912 760 Exiguamque
948 660 1120 759 petit
1153 658 1448 759 requiem
1471 715 1490 748 ,
1530 658 1689 732 dum
1723 658 1990 733 Lucifer
2017 659 2207 754 ignes

456 777 712 848 Evocet
743 776 1054 860 Auroroe,
1093 802 1326 848 currus
1358 776 1622 848 Aurora
1657 774 1952 846 diurnos,

458 890 587 963 Hic
619 890 970 965 hominum
1007 908 1285 964 cunctos
1317 890 1576 985 ingenti
1612 917 1892 991 corpore
1923 907 2237 989 praestans

2490 911 2590 963 630

457 1007 903 1106 Iapetionides
938 1006 1129 1082 Atlas
1155 1007 1326 1080 suit:
1358 1005 1592 1080 ultima
1627 1005 1824 1081 tellus

458 1123 641 1218 Rege
678 1123 805 1195 sub
839 1122 967 1195 hoc
988 1179 1007 1210 ‚
1041 1140 1108 1196 et
1137 1139 1386 1222 pontus
1421 1140 1591 1209 erat,
1629 1123 1747 1223 qui
1782 1120 1961 1195 Solis
1994 1119 2248 1195 anhelis

452 1239 758 1339 AEquora
791 1240 1020 1313 subdit
1049 1240 1238 1340 equis
1261 1297 1279 1330 ,
1318 1257 1387 1313 et
1417 1240 1630 1314 sessos
1663 1239 1913 1341 excipit
1942 1267 2115 1326 axes,

456 1360 647 1435 Mille
676 1390 907 1457 greges
942 1360 1075 1450 illi,
1114 1364 1526 1464 totidemque
1563 1380 1852 1438 armenta
1888 1391 2011 1464 per
2041 1361 2282 1435 herbas

458 1486 788 1560 Errabant
816 1516 832 1575 ;
871 1504 936 1559 et
968 1487 1246 1561 humum
1280 1484 1520 1561 vicinia
1554 1487 1739 1561 nulla
1773 1486 2178 1588 premebant.

2484 1505 2583 1558 635

460 1607 774 1683 Arboreae
804 1608 1079 1683 frondes
1102 1666 1120 1699 ‚
1157 1639 1319 1684 auro
1350 1610 1646 1686 radiante
1673 1610 1959 1683 virentes
1978 1664 1997 1698 ‚

457 1822 548 1875 ubi
584 1824 927 1892 Mauritania,
966 1827 1194 1882 Atlantis
1225 1848 1467 1899 regnum.

453 1928 523 1944 -—
542 1903 743 1954 Euocat
765 1923 793 1956 e
828 1906 969 1975 regia
1001 1906 1166 1973 Solis,
1198 1908 1251 1959 in
1279 1926 1379 1976 qua
1415 1918 1469 1961 et

1566 1830 1674 1898 jam
1700 1828 1893 1881 orienti
1919 1826 2027 1881 Soli
2056 1826 2251 1880 dantur
2274 1845 2303 1879 a
2327 1824 2551 1895 Virgilio
2568 1863 2585 1891 ,

1566 1906 1759 1977 Georg.
1803 1907 1861 1974 1,
1901 1910 2011 1959 250.
2045 1933 2114 1946 -
2147 1909 2301 1959 Fessi
2326 1922 2485 1965 oses,
2527 1912 2586 1953 ut

451 1978 577 2051 vigil
617 1980 823 2035 Aurora
867 1995 921 2038 et
955 2004 1140 2039 currus
1183 1991 1375 2048 diurni,
1412 1985 1467 2038 id
1551 1984 1710 2052 sesso
1727 2005 1883 2040 eursu
1911 2005 2078 2039 naves.
2105 1984 2307 2038 Plinius
2326 2023 2340 2049 ,
2365 1984 2418 2033 V
2441 2021 2456 2049 ,
2486 1981 2584 2051 Ep·

455 2072 568 2128 est,
591 2062 797 2118 solares.
828 2065 882 2118 11
900 2105 915 2132 ,
947 2066 1038 2119 105
1054 2086 1165 2135 sqq.
1201 2069 1391 2119 Vocari
1404 2066 1468 2120 ab

455 2137 625 2207 aliqua
644 2159 701 2192 re
731 2139 922 2193 dicitur
946 2140 998 2193 id
1018 2181 1033 2207 ,
1059 2141 1200 2212 quod
1230 2162 1347 2195 eam
1372 2162 1469 2195 se-

458 2214 649 2283 quitur.
668 2216 853 2286 Virgil.
878 2215 1147 2288 Georg.1,
1178 2219 1274 2273 388
1303 2239 1317 2272 :
1354 2222 1470 2272 Vo-

453 2300 546 2346 ca!
554 2297 780 2361 pluas‘m
809 2300 1000 2349 comelt.
1023 2296 1292 2350 Leidensis
1313 2297 1472 2350 babet

445 2381 721 2441 provocem·
766 2376 931 2428 nostri
958 2375 1143 2445 Regii,
1188 2383 1369 2430 evocet.
1403 2405 1471 2417 --

459 2451 655 2504 Currus.
697 2452 876 2506 Nostri
901 2452 1084 2521 Regii,
1117 2473 1308 2508 cursus.

520 2529 637 2581 630.
656 2531 876 2583 Cunctos
884 2532 1151 2592 kameham,
1178 2551 1346 2600 graeco
1361 2551 1470 2585 mo·

452 2625 530 2658 re.
556 2605 668 2658 Liv.
692 2607 849 2659 XXX
864 2647 880 2674 ,
908 2628 941 2679 9
954 2646 970 2674 ,
995 2611 1223 2676 expediti
1242 2614 1470 2663 militum.

453 2685 765 2747 -Cunclos‚
790 2704 888 2753 pro
898 2690 1119 2749 cunctis,
1144 2685 1290 2740 dedit
1305 2686 1471 2741 Hein-

451 2760 557 2815 sius
579 2781 643 2814 ex
664 2761 974 2815 Florentino
998 2763 1053 2818 S.
1079 2763 1251 2817 Marci
1270 2803 1285 2830 ‚
1324 2764 1470 2817 Ber-

452 2839 773 2909 neggeriano
810 2851 865 2894 et
901 2841 1064 2894 tribus
1102 2840 1224 2895 aliis.
1276 2841 1471 2896 Noster

456 2918 655 2989 Regius
691 2920 741 2972 A
759 2957 774 2984 ‚
798 2926 1028 2986 cunc-11:53
1065 2931 1319 2974 neutrum
1340 2919 1473 2973 mihi

455 2997 622 3066 placet
643 3018 656 3060 ;
681 3006 735 3050 et
760 2998 911 3051 lectio
935 2996 1145 3052 Codicis
1168 2999 1214 3052 B
1230 3037 1245 3065 ,
1271 3005 1468 3060 custos,

456 3074 565 3128 sola
580 3075 780 3128 sincera
797 3074 927 3128 mihi
943 3074 1151 3129 videtur
1168 3094 1181 3127 ε
1199 3074 1337 3144 apud
1355 3074 1473 3128 Ho-

457 3171 668 3206 merum
696 3154 839 3207 enim
860 3163 914 3205 et
939 3163 1152 3207 caeteros
1169 3163 1376 3223 poetas,
1396 3172 1474 3207 re-

458 3252 549 3302 ges
569 3244 693 3286 sunt
712 3237 916 3300 ποιμένις
932 3239 1074 3296 λαῶν,
1101 3242 1349 3299 pastores,
1363 3249 1473 3285 cm·

458 3309 607 3363 todes
624 3310 954 3379 populorum.
978 3311 1078 3361 Ed.
1092 3308 1352 3370 —Allas‚
1386 3308 1474 3362 la-

457 3389 566 3456 peti
589 3388 726 3442 filius
750 3426 766 3454 ‚
787 3387 1119 3440 Mauritania
1140 3405 1231 3438 rex
1246 3424 1261 3451 ,
1283 3403 1471 3453 quem„

457 3486 625 3535 quum
647 3466 999 3520 Astronomiae
1025 3475 1160 3518 esset
1180 3461 1471 3530 studiosus,

455 3544 818 3614 spheramque
838 3544 1148 3607 invenisset,
1170 3540 1359 3596 celum
1370 3539 1477 3593 bu·-

455 3626 618 3679 meris
626 3624 883 3680 sustinere
894 3633 1063 3693 poetae
1086 3621 1369 3674 finxerunt.
1385 3619 1475 3673 Sic

459 3701 572 3756 Cic.
599 3702 757 3755 Tuae.
781 3701 855 3767 V,
879 3702 946 3765 33
978 3698 1162 3753 Isidor.
1188 3698 1276 3751 lib.
1300 3696 1435 3749 XIV
1455 3735 1472 3763 ,

453 3798 565 3847 cap.
592 3780 639 3832 8.
659 3804 726 3819 —-
754 3779 963 3830 Ultima.
988 3775 1129 3829 Vide
1153 3774 1215 3828 ad
1243 3774 1334 3840 11,
1362 3776 1474 3841 254.

453 3882 524 3898 —-
534 3856 729 3907 Pontus
743 3872 941 3922 equora
957 3855 1154 3914 subdit,
1186 3850 1363 3905 subdit
1382 3871 1436 3905 se
1454 3891 1471 3919 ,

457 3951 618 4002 aquas
635 3950 778 3993 suas,
795 3929 951 3984 undis
969 3930 1074 3983 suis
1089 3929 1276 4000 excipit
1295 3947 1474 3999 equos.

457 4010 648 4081 Virgil.
670 4007 884 4062 AEneid.
907 4008 986 4075 X,
1017 4008 1111 4062 103
1137 4012 1474 4075 :premitpla-

435 4127 448 4141 .
458 4092 581 4146 ce’da
593 4105 789 4158 equom
800 4093 1011 4154 pontus,
1031 4087 1226 4157 premit
1239 4106 1355 4141 suas
1369 4106 1473 4140 un·-

462 4169 555 4224 da:
572 4209 589 4237 ,
627 4179 688 4226 ut
711 4167 993 4237 quiescant.
1031 4193 1098 4208 --
1130 4167 1328 4222 Anhele‘
1360 4171 1480 4237 eqni

1566 2079 1626 2115 vl
1646 2104 1661 2131 ,
1700 2066 1760 2130 ιζ
1785 2083 1798 2116 :
1821 2083 1975 2116 auras
1996 2068 2162 2130 spolio
2185 2066 2299 2129 ipso
2320 2065 2507 2114 lassas.

1630 2143 1744 2196 635.
1782 2144 1968 2194 Errare
1990 2141 2214 2194 verbum
2241 2138 2512 2209 proprium
2532 2148 2586 2190 et

1568 2220 1775 2289 elegans
1816 2218 1880 2271 de
1923 2218 2163 2288 gregibus
2203 2226 2257 2269 et
2298 2216 2547 2269 armentis
2567 2254 2582 2280 ,

1568 2315 1685 2366 quae
1709 2305 1994 2365 pascuntur
2015 2296 2071 2348 in
2104 2305 2268 2365 prato.
2295 2294 2544 2363 Virgilius
2569 2333 2584 2357 ‚

1568 2374 1761 2444 Georg.
1788 2375 1813 2427 Ι
1841 2411 1856 2439 ,
1900 2379 1957 2428 15
1985 2392 1998 2425 ε
2019 2378 2109 2426 cui
2133 2375 2232 2425 Ter
2244 2367 2438 2424 centula
2458 2376 2593 2424 nivei

1566 2455 1774 2505 tondeat
1794 2453 1995 2505 dumeta
2005 2450 2231 2518 juvenci.
2265 2449 2453 2503 Priscis
2478 2467 2584 2501 au-

1567 2538 1677 2581 tem
1710 2527 2060 2597 temporibus,
2084 2546 2256 2596 greges
2282 2537 2337 2580 et
2358 2531 2587 2578 armenla

1567 2609 1807 2661 maximo
1844 2608 2078 2677 ipsorum
2115 2624 2301 2677 regum
2345 2623 2483 2674 opes.
2518 2630 2585 2643 --

1577 2688 1781 2739 Ve‘cs'm'a
1795 2690 1938 2738 nulla
1954 2725 1969 2752 ,
1994 2686 2115 2754 quia
2130 2684 2185 2738 in
2210 2694 2444 2737 extremo
2455 2682 2583 2734 orbe

1570 2763 1912 2828 terrarumssad
1932 2762 2213 2817 Oceanum
2233 2760 2586 2814 habitabat.—

1568 2843 1877 2894 Premebanl.
1887 2840 2068 2896 Nostri
2079 2839 2228 2910 Regii
2235 2842 2591 2907 ,premebalvi-

1568 2924 1708 2972 ce’m'a
1732 2920 1788 2973 in
1819 2919 2080 2973 feminino
2119 2937 2329 2988 genere.
2364 2920 2588 2970 Pmmere

1570 3000 1838 3069 eleganter
1851 3040 1867 3067 ,
1892 3017 1990 3069 pro
2011 3000 2290 3060 e'ncludeoe,
2318 3015 2555 3050 coercere.

1623 3079 1738 3132 636.
1753 3077 2202 3145 Arboreaefrondes
2211 3085 2306 3130 etc.
2320 3075 2450 3129 Haec
2462 3085 2587 3128 sunt

1569 3155 1656 3208 illa
1682 3175 1839 3208 aurea
1850 3174 2006 3223 poma
2022 3196 2035 3218 ‚
2074 3172 2189 3223 quae
2211 3153 2296 3206 alii
2319 3153 2586 3222 Hesperi-

1571 3232 1723 3286 dibus
1738 3272 1754 3298 ,
1774 3232 2000 3285 Atlantis
2015 3231 2215 3285 filiabus
2232 3270 2247 3298 ,
2265 3230 2584 3285 tribuebant.

1572 3313 1835 3363 Veterum
1857 3309 1942 3362 alii
1964 3305 2123 3362 citrea
2143 3309 2224 3363 vel
2240 3307 2477 3362 aurantia
2501 3308 2588 3361 in-

1573 3385 1852 3457 telligenda
1893 3406 2001 3441 esse
2041 3387 2294 3457 putabant
2323 3426 2339 3452 ,
2388 3384 2584 3439 Athen.

1572 3465 1658 3518 lib.
1683 3463 1794 3531 111,
1815 3485 1862 3534 p.
1882 3467 1945 3519 82
1967 3484 2041 3534 sq.
2060 3504 2076 3531 ,
2095 3465 2180 3518 alii
2193 3483 2315 3518 oves
2336 3473 2589 3535 praestan-

1573 3543 1791 3597 tissimas
1818 3543 1992 3597 colore
2018 3543 2212 3609 rutilo;
2249 3544 2415 3613 poetis
2439 3543 2583 3596 enim

1572 3640 1696 3674 oves
1715 3628 1841 3689 μῆλα
1863 3620 2184 3676 dicebantur.
2221 3620 2440 3676 Diodor.
2480 3624 2581 3690 1v,

1571 3699 1767 3769 p..233;
1794 3698 2019 3770 Palxeph.
2041 3719 2117 3773 ¹9·
2134 3700 2322 3768 Quum
2329 3719 2483 3768 potua
2496 3720 2586 3753 au·

1572 3796 1663 3830 rea
1691 3776 1771 3830 his
1797 3777 2066 3831 arboribus
2101 3777 2219 3831 data
2253 3787 2425 3831 essent
2447 3817 2462 3845 ,
2501 3777 2588 3831 alii

1571 3854 1841 3922 etsmndcs
1854 3876 2114 3925 ramosque
2128 3857 2391 3912 linxerunt
2413 3878 2476 3911 cx
2492 3877 2586 3910 eo-

1555 3934 1695 4006 „dem
1716 3935 1943 3990 metallo.
1971 3936 2036 3989 In
2063 3937 2380 3990 Mauritania
2407 3936 2586 3988 hortos

1567 4011 1680 4066 illos
1704 4012 2026 4067 collocarunt
2049 4023 2103 4067 et
2126 4012 2243 4081 alii,
2269 4025 2329 4067 ut
2353 4013 2583 4076 Plinius,

1569 4089 1710 4143 Hiat.
1726 4091 1847 4145 Nat.
1865 4090 1938 4157 V,
1957 4095 1987 4145 5
1999 4132 2013 4154 ‚
2032 4091 2097 4145 de
2112 4091 2241 4144 Lixo
2258 4130 2274 4157 ,
2287 4090 2422 4143 illius
2437 4099 2592 4142 terro

1569 4168 1701 4223 urbe
1719 4205 1738 4237 ‚
1753 4171 1895 4222 ἰδίει
1909 4171 2240 4238 Hespe-nidum
2255 4169 2416 4231 horle}
2444 4183 2597 4220 non-
