2975 4784
632 365 1661 436 METAMORPHOSEON
1710 374 1903 439 LIB.
1950 375 2133 442 VII.

2317 377 2442 441 503

345 495 543 572 Plura
574 498 934 600 loquuturo
971 529 1120 575 cum
1149 502 1366 576 verbis
1401 519 1669 599 guttura
1706 504 1973 579 Colchis
2074 500 2079 505 ’

343 613 680 703 Abstulit,
718 633 785 690 et
815 617 1044 692 calidis
1079 617 1386 692 laniatum
1422 621 1652 694 mersit
1681 619 1926 695 ahenis.

439 732 520 803 V.
559 730 758 825 Quod
797 732 926 807 nisi
957 734 1263 835 pennatis
1294 735 1714 837 serpentibus
1748 737 1909 813 isset
1940 737 2010 809 in
2046 766 2234 813 auras
2259 796 2278 829 ,
2353 760 2459 812 350

347 848 497 919 Non
529 865 779 923 exemta
813 849 984 924 foret
1014 878 1266 951 poenae:
1302 850 1479 948 fugit
1512 850 1678 941 alta,
1715 881 2043 954 superque

347 961 576 1036 Pelion
614 965 1002 1041 umbrosum
1021 1022 1041 1054 ,
1079 965 1535 1070 Philyreiaque
1574 985 1777 1057 tecta,
1815 997 2144 1070 superque

349 1078 611 1180 Othryn
630 1135 649 1168 ,
687 1098 754 1154 et
783 1099 1020 1156 eventu
1052 1083 1289 1161 veteris
1319 1083 1462 1159 loca
1491 1102 1654 1159 nota
1689 1086 2015 1160 Cerambi.

406 1252 517 1318 348.
555 1255 675 1308 Cam
697 1260 858 1310 verbis
875 1265 1079 1325 guttum
1098 1263 1342 1325 abstuli&

343 1329 568 1383 resoluto
596 1343 804 1403 gutture
831 1336 1037 1391 abstulit
1073 1338 1244 1393 verba„
1277 1366 1345 1381 ·-·-

343 1408 608 1461 lammam
621 1419 715 1464 etc.
731 1413 1029 1481 Pausanias,
1042 1422 1340 1485 κατακόψασα

343 1490 528 1554 ipsene.
551 1489 680 1545 Inde
704 1495 952 1547 remansit
981 1514 1049 1549 ne
1079 1494 1340 1549 tantillum

342 1567 553 1634 quidem
572 1607 587 1635 ,
613 1570 753 1639 quod
770 1572 1047 1641 sepultum
1071 1574 1206 1627 tradi
1230 1593 1342 1644 pos·

339 1654 431 1698 set.
453 1646 645 1700 Noster
667 1649 881 1720 abrupte
904 1650 1022 1705 finit
1043 1652 1282 1707 fabulam.

404 1722 654 1794 350-397.
673 1727 839 1779 Jason
860 1745 981 1780 cum
997 1730 1180 1781 Medea
1203 1727 1344 1781 Iolco

341 1811 545 1855 exactus
580 1804 865 1858 Conistbm
896 1806 1044 1876 sugit.
1074 1806 1153 1863 lbi
1179 1826 1345 1876 quum

341 1877 524 1935 decem
544 1899 718 1935 annos
732 1882 961 1949 vixisset,
986 1883 1218 1938 Glaucen
1248 1885 1346 1938 du·

340 1954 409 2010 cit
425 1995 440 2023 ,
466 1955 711 2012 Creontis
729 1960 864 2030 regis
886 1959 1073 2024 filiam
1100 1980 1204 2030 quo
1221 1963 1348 2016 Me-

342 2033 438 2088 dea
458 2036 656 2089 offensa
675 2055 886 2091 veneno
904 2037 1139 2092 Glaucen
1162 2040 1349 2093 interi·

343 2113 467 2177 mit,
509 2131 730 2182 suosque
768 2114 901 2168 filios
936 2116 1174 2169 trucidat.
1212 2116 1344 2169 Eam

342 2200 518 2242 autem
535 2192 761 2245 fabulam
785 2194 976 2247 Noster
985 2195 1213 2248 breviter
1226 2206 1347 2248 tan-

342 2282 454 2325 tum
470 2273 691 2343 attingit.
708 2273 922 2328 Confer.
934 2275 1174 2346 Apollod.
1191 2277 1216 2330 1
1232 2315 1247 2342 ,
1263 2292 1341 2341 tx,

341 2353 429 2410 28,
458 2351 548 2403 ubi
567 2350 640 2404 illi
664 2352 726 2404 ab
749 2354 937 2405 Acasto
961 2363 1012 2406 et
1030 2353 1346 2409 lolcensibus

340 2428 688 2497 expelluntur;
705 2439 758 2483 et
771 2430 1032 2501 Hyginus,
1045 2431 1146 2483 sab.
1161 2434 1244 2496 25,
1263 2429 1345 2496 26,

338 2524 443 2575 quo
481 2517 690 2561 auctore
724 2507 886 2560 Jason
931 2518 1116 2578 sponte
1155 2509 1347 2561 Acasto

339 2586 495 2653 patris
517 2604 740 2655 regnum
763 2585 935 2641 tradit.
973 2585 1188 2641 Confer.
1213 2585 1347 2639 Dio-

340 2661 496 2716 dorus
510 2662 733 2729 Siculus,
751 2664 832 2717 IV
836 2703 850 2729 ,
869 2664 948 2730 34.
965 2663 1186 2717 Pausan.
1206 2664 1280 2729 11,
1298 2662 1344 2716 3.

339 2738 611 2795 Tractant
624 2741 733 2795 baec
750 2741 1032 2814 Sophocles
1052 2743 1112 2796 in
1133 2740 1347 2795 Colchi-

340 2815 502 2871 dibus.
537 2819 717 2872 Restat
754 2820 1018 2890 Euripidis
1051 2818 1259 2874 Medea.
1280 2844 1348 2859 -·

343 2897 406 2949 ln
430 2897 619 2950 itinere
644 2895 859 2966 despicit
875 2899 985 2952 loca
1009 2899 1202 2966 multa,
1231 2916 1349 2951 me·-

343 2971 756 3041 tamorphosibus
803 2974 1012 3028 nobilia.
1054 2975 1159 3029 Sed
1206 2986 1347 3030 totus

342 3051 426 3106 hic
448 3051 587 3104 locus
607 3049 754 3105 valde
775 3052 975 3104 vexavit
997 3053 1345 3122 Interpretes,

344 3124 768 3198 quandoquidem
791 3127 977 3180 sabuloe
994 3128 1090 3181 ine
1113 3129 1234 3181 satis
1251 3129 1348 3181 ob-

344 3225 505 3260 scure
525 3215 662 3260 sunt.
689 3206 874 3274 Neque
897 3202 1089 3257 Medea
1111 3215 1251 3259 recta
1266 3205 1348 3258 via

341 3284 506 3349 volat,
535 3283 624 3337 sed
654 3282 797 3336 milvi
820 3283 984 3339 instar
1004 3282 1220 3335 circinat
1243 3300 1348 3335 au-

342 3383 423 3417 ras
451 3385 465 3427 ς
503 3363 607 3417 nisi
643 3362 707 3416 ad
752 3361 1100 3417 excusandum
1138 3371 1348 3432 poetam

342 3441 489 3495 malis
514 3440 686 3495 dicere
706 3480 720 3506 ,
754 3440 1002 3495 Medeam
1024 3458 1085 3493 ex
1102 3438 1205 3492 alto
1230 3448 1350 3491 tan-

344 3529 458 3572 tum
496 3518 676 3589 procul
713 3517 994 3589 despexisse
1021 3516 1106 3571 illa
1134 3515 1261 3571 loca.
1284 3543 1350 3558 —-

340 3600 611 3664 Pennatls;
638 3596 913 3652 Claudian.
936 3594 1201 3661 XXXVI,
1225 3596 1346 3668 139,

345 3673 568 3729 Cibebes
589 3675 915 3744 serpentibus
940 3672 1118 3727 tribuit
1131 3677 1345 3740 pinnas,

345 3750 432 3802 ubi
449 3750 716 3804 Gesner-us
733 3760 917 3803 monet
935 3791 949 3814 ,
976 3749 1076 3803 hoc
1097 3766 1295 3801 nomen
1320 3767 1350 3801 a

335 3833 515 3892 penmtt
543 3828 743 3897 origine
780 3837 836 3880 et
864 3844 962 3882 usu
993 3826 1351 3896 antiquissimo

344 3906 477 3958 sorte
505 3923 615 3958 non
640 3905 881 3974 differre,
911 3906 1001 3960 sed
1032 3905 1350 3976 Quintiliani

347 3992 497 4037 etate
544 3984 905 4054 grammaticos
945 3983 1222 4039 discrimen
1258 3985 1349 4037 sa-

345 4082 462 4117 cere
479 4062 705 4134 coepisse,
719 4066 1000 4132 pinnasque
1011 4062 1247 4117 tribuisse
1263 4061 1352 4117 alis

348 4142 608 4210 majorum
637 4141 808 4195 avium
833 4152 886 4196 et
909 4142 1156 4211 piscibus:
1179 4141 1351 4210 itaque

1439 1281 1496 1315 se
1521 1280 1631 1315 non
1658 1261 1959 1332 simpliciter
1980 1260 2082 1316 boc
2105 1261 2221 1315 loeo
2239 1300 2256 1330 ,
2289 1260 2450 1315 dam-

1438 1358 1567 1393 nare
1581 1348 1833 1408 penedos
1857 1350 2141 1411 serpentes.

1503 1418 1615 1472 351.
1635 1421 1786 1479 Alta,-
1812 1419 1867 1472 in
1893 1438 2040 1484 aere,
2066 1428 2128 1471 ut
2151 1416 2447 1479 alias-suble·-

1437 1499 1550 1547 nu's.
1562 1523 1629 1535 -—
1652 1500 1826 1549 Pelion
1843 1537 1853 1549 .
1873 1535 1885 1547 .
1901 1538 1914 1550 .
1938 1499 2323 1567 Philyreiaque5
2349 1514 2448 1548 ex-

1436 1575 1623 1641 pressit
1650 1574 2002 1629 Callimachus
2020 1614 2037 1642 ,
2085 1576 2290 1646 Hymn.
2331 1573 2449 1628 Del.

1443 1652 1577 1711 „82
1614 1657 1779 1715 Πήλιον
1814 1653 1851 1706 ὧ
1888 1657 2071 1727 φιλύρης
2106 1659 2339 1723 νυμφῆῑον.
2386 1651 2448 1704 In

1442 1729 1587 1781 Pelio
1635 1739 1816 1782 monte
1857 1728 2070 1799 Jupiter
2104 1730 2456 1783 concubuerat

1441 1822 1565 1863 cum
1596 1809 1835 1879 Phlya-a,
1878 1806 2021 1862 unde
2048 1818 2203 1861 natus
2232 1806 2455 1861 Chiron.

1442 1912 1511 1924 -—
1537 1884 1689 1956 Regii
1727 1886 1891 1940 nostri
1933 1885 2129 1940 habent
2164 1889 2457 1958 Philyreia-

1440 1979 1537 2037 que
1560 2002 1573 2023 ,
1621 1980 1738 2031 que
1780 1962 1932 2016 lectio
1978 1964 2305 2032 prestantior
2343 1964 2457 2030 jure

1442 2038 1550 2089 visa
1586 2051 1664 2092 est
1700 2040 1915 2097 Robert.
1956 2040 2208 2110 Stephan.
2254 2059 2412 2113 quam
2440 2080 2455 2107 ,

1442 2116 1583 2185 quod
1625 2120 1801 2186 δίεπ’(
1837 2118 2091 2185 dederat,
2125 2122 2456 2191 Phe'lyreique.

1442 2194 1653 2248 Erravit
1663 2207 1803 2248 certe
1814 2195 1956 2251 idem
1976 2199 2161 2264 Gien‘g,
2179 2217 2342 2268 quum
2354 2197 2456 2253 hoc

1444 2271 1558 2323 loco
1583 2270 1771 2323 dixerit
1792 2291 1854 2324 ex
1873 2273 2156 2327 concubitu
2169 2278 2317 2329 Joee's·
2330 2295 2453 2330 cum

1435 2346 1655 2420 Philyra
1672 2357 1855 2401 natum
1877 2348 2031 2402 fuisse
2053 2347 2317 2416 Chirona;
2336 2352 2455 2406 vide

1443 2440 1561 2495 quae
1583 2424 1804 2478 certiora
1821 2426 1875 2478 in
1891 2426 2025 2479 libro
2042 2427 2127 2494 11,
2150 2428 2274 2498 676:
2298 2427 2456 2481 ethic

1442 2499 1722 2571 addemus,
1754 2502 2070 2570 Saturnum,
2108 2523 2271 2577 quum
2301 2503 2452 2558 Rhea

1440 2582 1633 2649 coniux
1645 2601 1771 2636 eum
1786 2582 1902 2637 Phil
2027 2583 2336 2638 adblandien
2345 2594 2451 2638 tem

1440 2659 1680 2725 vidisset,
1703 2660 1799 2714 sub
1822 2662 1992 2714 forma
2018 2662 2139 2734 equi
2164 2662 2451 2732 aufugisse3

1441 2746 1496 2790 et
1508 2735 1774 2808 Philyram
1787 2757 1883 2807 per
1894 2749 2100 2792 montes
2114 2738 2453 2810 Pelasgorum

1442 2816 1689 2868 erravisse
1707 2854 1722 2883 ‚
1748 2814 1804 2868 in
1826 2817 2013 2886 quibus
2041 2814 2275 2869 Chirona
2300 2827 2454 2886 partu

1443 2891 1606 2947 edidit
1620 2914 1633 2957 ;
1655 2911 1760 2962 quo
1775 2903 2012 2949 monstro
2026 2893 2137 2947 viso
2150 2892 2453 2960 abhorrens,

1439 2969 1625 3039 petivit
1647 2989 1677 3023 a
1698 2968 1813 3024 Diis
1832 2980 1891 3027 ut
1909 2988 2002 3024 sua
2019 2971 2187 3023 forma
2208 2980 2454 3024 mutare-

1444 3057 1565 3112 tur,
1602 3058 1657 3100 et
1691 3047 1906 3117 quidem
1930 3049 1985 3101 in
2016 3048 2176 3103 tiliam
2211 3048 2453 3102 arborem

1441 3124 1542 3176 suit
1572 3134 1787 3178 mutata.
1813 3128 1912 3178 Ed.
1940 3152 2007 3166 —-
2034 3127 2254 3179 Eventus
2271 3166 2285 3187 ,
2331 3124 2455 3179 sor-—

1445 3209 1606 3265 tuua;
1645 3199 1746 3254 boc
1783 3201 1899 3255 loco
1928 3202 2176 3269 mutatio;
2204 3202 2254 3256 X
2273 3243 2289 3272 ,
2318 3205 2453 3272 500,

1440 3284 1614 3331 eventu
1631 3278 1869 3344 jureium
1891 3281 2151 3333 delenitus
2165 3322 2178 3343 ,
2206 3282 2422 3336 interitu
2442 3303 2457 3345 ς

1445 3355 1583 3408 xm
1598 3393 1613 3420 ,
1633 3354 1730 3407 506
1741 3393 1759 3421 ,
1773 3356 2367 3428 Eveaetnqueeramssm‘ta
2380 3365 2461 3411 est

1418 3485 1424 3491 ,
1433 3435 1646 3502 publica
1677 3434 1851 3488 clades
1866 3474 1880 3497 ‚
1928 3432 2140 3489 excidio.
2164 3464 2229 3477 —
2264 3438 2457 3490 Veteris

1448 3514 1703 3585 Cerambe',·
1728 3513 1847 3582 quia
1865 3514 2196 3571 Deucalionis
2218 3526 2454 3586 tempore

1443 3589 1642 3643 viserit.
1654 3592 1882 3646 Auctore
1896 3591 2161 3649 Nicandro
2176 3592 2311 3663 apud
2326 3594 2453 3647 An-

1444 3670 1691 3722 toninum
1715 3668 1885 3725 Liber.
1912 3692 1972 3724 aa
1989 3710 2005 3739 ,
2045 3673 2316 3725 Terambus
2334 3712 2347 3735 ,
2386 3670 2451 3727 ad

1446 3746 1638 3816 pedem
1668 3748 1885 3819 Othrya-t
1908 3748 2129 3816 montis,
2157 3768 2186 3802 a
2210 3750 2456 3821 Nymphis

1441 3825 1584 3879 iratis
1597 3826 1652 3881 in
1668 3826 1980 3880 scarabaeum
1992 3826 2345 3899 cornigerum,
2358 3828 2449 3901 qui

1444 3902 1640 3958 Grecis
1668 3907 1919 3957 ceramblae
1954 3903 2143 3959 dicitur
2162 3944 2176 3973 ,
2213 3915 2445 3961 mutatus

1444 3993 1535 4036 est.
1560 3982 1638 4036 lbi
1654 4022 1669 4049 ,
1692 3983 1803 4036 sine
1819 3980 1978 4037 dubio
1997 4022 2013 4051 ‚
2038 3982 2161 4037 utin
2178 3982 2410 4038 hocloco
2425 4019 2442 4047 ,

1446 4064 1717 4116 Cerambus
1738 4061 2017 4132 legendum
2042 4073 2153 4131 est,
2187 4063 2325 4135 quod
2351 4062 2448 4115 do-

1444 4149 1528 4195 cet
1554 4159 1650 4194 vox
1673 4144 1935 4196 cerambe'x.
