<?xml version="1.0" encoding="UTF-8"?>
<!DOCTYPE html PUBLIC "-//W3C//DTD XHTML 1.0 Transitional//EN"
    "http://www.w3.org/TR/xhtml1/DTD/xhtml1-transitional.dtd">
<html xmlns="http://www.w3.org/1999/xhtml" xml:lang="en" lang="en">
 <head>
  <title>
</title>
<meta http-equiv="Content-Type" content="text/html;charset=utf-8" />
  <meta name='ocr-system' content='tesseract 3.04.00' />
  <meta name='ocr-capabilities' content='ocr_page ocr_carea ocr_par ocr_line ocrx_word'/>
</head>
<body>
  <div class='ocr_page' id='page_1' title='image "./publiiovidiinas04unkngoog_0040.png"; bbox 0 0 2975 4784; ppageno 0'>
   <div class='ocr_carea' id='block_1_1' title="bbox 430 274 1748 342">
    <p class='ocr_par' dir='ltr' id='par_1_1' title="bbox 430 274 1748 342">
     <span class='ocr_line' id='line_1_1' title="bbox 430 274 1748 342; baseline 0.001 -1"><span class='ocrx_word' id='word_1_1' title='bbox 430 277 471 341; x_wconf 87' lang='lat'>8</span> <span class='ocrx_word' id='word_1_2' title='bbox 1220 274 1748 342; x_wconf 67' lang='lat' dir='ltr'>PRAEFATIO</span> 
     </span>
    </p>
   </div>
   <div class='ocr_carea' id='block_1_2' title="bbox 591 411 2111 1021">
    <p class='ocr_par' dir='ltr' id='par_1_2' title="bbox 591 411 2111 1021">
     <span class='ocr_line' id='line_1_2' title="bbox 592 411 1995 490; baseline -0.001 -15"><span class='ocrx_word' id='word_1_3' title='bbox 592 412 790 475; x_wconf 77' lang='lat' dir='ltr'><strong>Edidit</strong></span> <span class='ocrx_word' id='word_1_4' title='bbox 820 411 1108 490; x_wconf 67' lang='lat' dir='ltr'><strong>hinnttus,</strong></span> <span class='ocrx_word' id='word_1_5' title='bbox 1137 425 1198 474; x_wconf 75' lang='lat' dir='ltr'><strong>et</strong></span> <span class='ocrx_word' id='word_1_6' title='bbox 1228 412 1453 474; x_wconf 77' lang='lat' dir='ltr'><strong>brachia</strong></span> <span class='ocrx_word' id='word_1_7' title='bbox 1476 413 1661 476; x_wconf 76' lang='lat' dir='ltr'><strong>movit</strong></span> <span class='ocrx_word' id='word_1_8' title='bbox 1685 413 1747 473; x_wconf 82' lang='lat' dir='ltr'><strong>in</strong></span> <span class='ocrx_word' id='word_1_9' title='bbox 1775 411 1995 474; x_wconf 72' lang='lat' dir='ltr'><strong>herbas.</strong></span> 
     </span>
     <span class='ocr_line' id='line_1_3' title="bbox 591 517 2028 603; baseline -0.003 -22"><span class='ocrx_word' id='word_1_10' title='bbox 591 520 748 581; x_wconf 85' lang='lat' dir='ltr'><strong>Tum</strong></span> <span class='ocrx_word' id='word_1_11' title='bbox 780 517 944 602; x_wconf 78' lang='lat' dir='ltr'>digiti</span> <span class='ocrx_word' id='word_1_12' title='bbox 971 530 1213 595; x_wconf 88' lang='lat' dir='ltr'><strong>coeunt,</strong></span> <span class='ocrx_word' id='word_1_13' title='bbox 1241 531 1301 579; x_wconf 79' lang='lat' dir='ltr'><strong>et</strong></span> <span class='ocrx_word' id='word_1_14' title='bbox 1329 518 1541 600; x_wconf 78' lang='lat' dir='ltr'><strong>quinos</strong></span> <span class='ocrx_word' id='word_1_15' title='bbox 1569 517 1777 603; x_wconf 77' lang='lat' dir='ltr'>adligat</span> <span class='ocrx_word' id='word_1_16' title='bbox 1807 537 2028 601; x_wconf 79' lang='lat' dir='ltr'><strong>ungues</strong></span> 
     </span>
     <span class='ocr_line' id='line_1_4' title="bbox 591 623 2001 708; baseline -0.002 -21"><span class='ocrx_word' id='word_1_17' title='bbox 591 626 881 708; x_wconf 79' lang='lat' dir='ltr'><strong>Perpetuo</strong></span> <span class='ocrx_word' id='word_1_18' title='bbox 914 645 1095 687; x_wconf 90' lang='lat' dir='ltr'><strong>cornu</strong></span> <span class='ocrx_word' id='word_1_19' title='bbox 1122 624 1264 686; x_wconf 82' lang='lat' dir='ltr'><strong>levis</strong></span> <span class='ocrx_word' id='word_1_20' title='bbox 1291 624 1544 707; x_wconf 79' lang='lat' dir='ltr'><strong>ungula:</strong></span> <span class='ocrx_word' id='word_1_21' title='bbox 1571 623 1774 684; x_wconf 75' lang='lat' dir='ltr'><strong>crescit</strong></span> <span class='ocrx_word' id='word_1_22' title='bbox 1795 636 1856 684; x_wconf 90' lang='lat' dir='ltr'><strong>et</strong></span> <span class='ocrx_word' id='word_1_23' title='bbox 1884 624 2001 684; x_wconf 85' lang='lat' dir='ltr'><strong>oris</strong></span> 
     </span>
     <span class='ocr_line' id='line_1_5' title="bbox 591 728 1944 814; baseline -0.003 -21"><span class='ocrx_word' id='word_1_24' title='bbox 591 733 673 794; x_wconf 86' lang='lat' dir='ltr'><strong>Et</strong></span> <span class='ocrx_word' id='word_1_25' title='bbox 700 729 834 793; x_wconf 87' lang='lat' dir='ltr'><strong>colli</strong></span> <span class='ocrx_word' id='word_1_26' title='bbox 863 730 1104 813; x_wconf 82' lang='lat' dir='ltr'><strong>spatium</strong></span> <span class='ocrx_word' id='word_1_27' title='bbox 1140 754 1157 791; x_wconf 71' lang='grc' dir='ltr'><em>ε</em></span> <span class='ocrx_word' id='word_1_28' title='bbox 1184 729 1373 814; x_wconf 79' lang='lat' dir='ltr'><strong>longoe</strong></span> <span class='ocrx_word' id='word_1_29' title='bbox 1400 750 1527 811; x_wconf 81' lang='lat' dir='ltr'><strong>pars</strong></span> <span class='ocrx_word' id='word_1_30' title='bbox 1555 729 1752 789; x_wconf 84' lang='lat' dir='ltr'><strong>ultima</strong></span> <span class='ocrx_word' id='word_1_31' title='bbox 1780 728 1944 809; x_wconf 75' lang='lat' dir='ltr'><strong>pallae</strong></span> 
     </span>
     <span class='ocr_line' id='line_1_6' title="bbox 591 829 2111 917; baseline -0.005 -21"><span class='ocrx_word' id='word_1_32' title='bbox 591 835 785 897; x_wconf 85' lang='lat' dir='ltr'><strong>Cauda</strong></span> <span class='ocrx_word' id='word_1_33' title='bbox 812 835 877 895; x_wconf 83' lang='lat' dir='ltr'><strong>fit</strong></span> <span class='ocrx_word' id='word_1_34' title='bbox 904 857 919 894; x_wconf 90' lang='lat'>:</span> <span class='ocrx_word' id='word_1_35' title='bbox 943 846 1122 915; x_wconf 89' lang='lat' dir='ltr'><strong>utque</strong></span> <span class='ocrx_word' id='word_1_36' title='bbox 1148 836 1274 917; x_wconf 83' lang='lat' dir='ltr'><strong>vagi</strong></span> <span class='ocrx_word' id='word_1_37' title='bbox 1306 832 1490 894; x_wconf 85' lang='lat' dir='ltr'><strong>crines</strong></span> <span class='ocrx_word' id='word_1_38' title='bbox 1519 853 1624 915; x_wconf 88' lang='lat' dir='ltr'><strong>per</strong></span> <span class='ocrx_word' id='word_1_39' title='bbox 1648 831 1793 893; x_wconf 92' lang='lat' dir='ltr'><strong>colla</strong></span> <span class='ocrx_word' id='word_1_40' title='bbox 1817 829 2070 913; x_wconf 79' lang='lat' dir='ltr'><strong>jacebant</strong></span> <span class='ocrx_word' id='word_1_41' title='bbox 2090 872 2111 906; x_wconf 87' lang='lat'>,</span> 
     </span>
     <span class='ocr_line' id='line_1_7' title="bbox 593 938 1334 1021; baseline -0.005 -18"><span class='ocrx_word' id='word_1_42' title='bbox 593 941 669 1003; x_wconf 87' lang='lat' dir='ltr'><strong>ln</strong></span> <span class='ocrx_word' id='word_1_43' title='bbox 699 941 914 1002; x_wconf 80' lang='lat' dir='ltr'><strong>dextras</strong></span> <span class='ocrx_word' id='word_1_44' title='bbox 941 939 1128 1000; x_wconf 89' lang='lat' dir='ltr'><strong>abiere</strong></span> <span class='ocrx_word' id='word_1_45' title='bbox 1154 938 1334 1021; x_wconf 84' lang='lat' dir='ltr'><strong>jubas.</strong></span> 
     </span>
    </p>
   </div>
   <div class='ocr_carea' id='block_1_3' title="bbox 432 1086 2566 1332">
    <p class='ocr_par' dir='ltr' id='par_1_3' title="bbox 432 1086 2566 1332">
     <span class='ocr_line' id='line_1_8' title="bbox 438 1086 2566 1197; baseline -0.003 -26"><span class='ocrx_word' id='word_1_46' title='bbox 438 1099 840 1197; x_wconf 80' lang='lat' dir='ltr'><strong>Quanquam</strong></span> <span class='ocrx_word' id='word_1_47' title='bbox 866 1095 980 1169; x_wconf 82' lang='lat' dir='ltr'><strong>hic</strong></span> <span class='ocrx_word' id='word_1_48' title='bbox 1003 1095 1275 1190; x_wconf 81' lang='lat' dir='ltr'><strong>ingenio</strong></span> <span class='ocrx_word' id='word_1_49' title='bbox 1313 1094 1564 1167; x_wconf 88' lang='lat' dir='ltr'><strong>abusus</strong></span> <span class='ocrx_word' id='word_1_50' title='bbox 1595 1109 1698 1166; x_wconf 89' lang='lat' dir='ltr'><strong>est</strong></span> <span class='ocrx_word' id='word_1_51' title='bbox 1729 1106 1960 1194; x_wconf 83' lang='lat' dir='ltr'><strong>poeta,</strong></span> <span class='ocrx_word' id='word_1_52' title='bbox 1989 1106 2345 1163; x_wconf 84' lang='lat' dir='ltr'><strong>extremam</strong></span> <span class='ocrx_word' id='word_1_53' title='bbox 2378 1086 2566 1192; x_wconf 76' lang='lat' dir='ltr'><strong>pallae</strong></span> 
     </span>
     <span class='ocr_line' id='line_1_9' title="bbox 432 1222 2565 1332; baseline -0.003 -27"><span class='ocrx_word' id='word_1_54' title='bbox 432 1248 687 1332; x_wconf 86' lang='lat' dir='ltr'><strong>partem</strong></span> <span class='ocrx_word' id='word_1_55' title='bbox 720 1229 791 1302; x_wconf 91' lang='lat' dir='ltr'><strong>in</strong></span> <span class='ocrx_word' id='word_1_56' title='bbox 834 1228 1110 1305; x_wconf 86' lang='lat' dir='ltr'><strong>caudam</strong></span> <span class='ocrx_word' id='word_1_57' title='bbox 1140 1227 1633 1305; x_wconf 85' lang='lat' dir='ltr'><strong>transformans.</strong></span> <span class='ocrx_word' id='word_1_58' title='bbox 1695 1224 2013 1327; x_wconf 78' lang='lat' dir='ltr'><strong>Daphnes</strong></span> <span class='ocrx_word' id='word_1_59' title='bbox 2066 1224 2203 1299; x_wconf 83' lang='lat' dir='ltr'><strong>fato</strong></span> <span class='ocrx_word' id='word_1_60' title='bbox 2247 1222 2565 1313; x_wconf 79' lang='lat' dir='ltr'>instante,</span> 
     </span>
    </p>
   </div>
   <div class='ocr_carea' id='block_1_4' title="bbox 437 1363 2075 1958">
    <p class='ocr_par' dir='ltr' id='par_1_4' title="bbox 437 1363 2075 1958">
     <span class='ocr_line' id='line_1_10' title="bbox 437 1363 749 1459; baseline 0.006 -23"><span class='ocrx_word' id='word_1_61' title='bbox 437 1365 514 1452; x_wconf 84' lang='lat'><strong>1,</strong></span> <span class='ocrx_word' id='word_1_62' title='bbox 563 1363 703 1459; x_wconf 80' lang='lat'><strong>548</strong></span> <span class='ocrx_word' id='word_1_63' title='bbox 730 1421 749 1453; x_wconf 91' lang='lat'>‚</span> 
     </span>
     <span class='ocr_line' id='line_1_11' title="bbox 932 1461 1982 1547; baseline 0 -25"><span class='ocrx_word' id='word_1_64' title='bbox 932 1504 951 1522; x_wconf 89' lang='lat'><strong>.</strong></span> <span class='ocrx_word' id='word_1_65' title='bbox 974 1502 993 1520; x_wconf 88' lang='lat'><strong>.</strong></span> <span class='ocrx_word' id='word_1_66' title='bbox 1015 1502 1033 1521; x_wconf 85' lang='lat'><strong>.</strong></span> <span class='ocrx_word' id='word_1_67' title='bbox 1083 1464 1321 1545; x_wconf 86' lang='lat' dir='ltr'><strong>Torpor</strong></span> <span class='ocrx_word' id='word_1_68' title='bbox 1345 1463 1529 1547; x_wconf 82' lang='lat' dir='ltr'><strong>gravis</strong></span> <span class='ocrx_word' id='word_1_69' title='bbox 1557 1461 1767 1546; x_wconf 80' lang='lat' dir='ltr'><strong>adligat</strong></span> <span class='ocrx_word' id='word_1_70' title='bbox 1792 1471 1947 1522; x_wconf 85' lang='lat' dir='ltr'><strong>artus</strong></span> <span class='ocrx_word' id='word_1_71' title='bbox 1962 1504 1982 1538; x_wconf 86' lang='lat'>,</span> 
     </span>
     <span class='ocr_line' id='line_1_12' title="bbox 602 1566 1863 1654; baseline -0.002 -24"><span class='ocrx_word' id='word_1_72' title='bbox 602 1568 800 1631; x_wconf 83' lang='lat' dir='ltr'><strong>Mollia</strong></span> <span class='ocrx_word' id='word_1_73' title='bbox 828 1569 1137 1654; x_wconf 80' lang='lat' dir='ltr'><strong>cinguntur</strong></span> <span class='ocrx_word' id='word_1_74' title='bbox 1159 1570 1321 1631; x_wconf 88' lang='lat' dir='ltr'><strong>tenui</strong></span> <span class='ocrx_word' id='word_1_75' title='bbox 1350 1566 1661 1651; x_wconf 76' lang='lat' dir='ltr'><strong>praecordia</strong></span> <span class='ocrx_word' id='word_1_76' title='bbox 1693 1567 1863 1628; x_wconf 87' lang='lat' dir='ltr'><strong>libro.</strong></span> 
     </span>
     <span class='ocr_line' id='line_1_13' title="bbox 599 1669 2075 1749; baseline -0.002 -16"><span class='ocrx_word' id='word_1_77' title='bbox 599 1676 670 1734; x_wconf 90' lang='lat' dir='ltr'><strong>ln</strong></span> <span class='ocrx_word' id='word_1_78' title='bbox 693 1670 953 1733; x_wconf 79' lang='lat' dir='ltr'><strong>frondem</strong></span> <span class='ocrx_word' id='word_1_79' title='bbox 979 1673 1163 1734; x_wconf 83' lang='lat' dir='ltr'><strong>crines</strong></span> <span class='ocrx_word' id='word_1_80' title='bbox 1181 1715 1200 1749; x_wconf 93' lang='lat'>‚</span> <span class='ocrx_word' id='word_1_81' title='bbox 1228 1673 1291 1732; x_wconf 88' lang='lat' dir='ltr'><strong>in</strong></span> <span class='ocrx_word' id='word_1_82' title='bbox 1321 1693 1509 1733; x_wconf 82' lang='lat' dir='ltr'><strong>ramos</strong></span> <span class='ocrx_word' id='word_1_83' title='bbox 1538 1669 1759 1733; x_wconf 87' lang='lat' dir='ltr'><strong>brachia</strong></span> <span class='ocrx_word' id='word_1_84' title='bbox 1791 1681 2075 1732; x_wconf 87' lang='lat' dir='ltr'><strong>crescunt.</strong></span> 
     </span>
     <span class='ocr_line' id='line_1_14' title="bbox 604 1775 2073 1863; baseline 0 -26"><span class='ocrx_word' id='word_1_85' title='bbox 604 1778 714 1838; x_wconf 86' lang='lat' dir='ltr'><strong>Pes</strong></span> <span class='ocrx_word' id='word_1_86' title='bbox 733 1822 752 1853; x_wconf 90' lang='lat'>‚</span> <span class='ocrx_word' id='word_1_87' title='bbox 779 1777 954 1839; x_wconf 85' lang='lat' dir='ltr'><strong>modo</strong></span> <span class='ocrx_word' id='word_1_88' title='bbox 983 1789 1096 1837; x_wconf 82' lang='lat' dir='ltr'><strong>tam</strong></span> <span class='ocrx_word' id='word_1_89' title='bbox 1121 1777 1319 1854; x_wconf 77' lang='lat' dir='ltr'><strong>velox,</strong></span> <span class='ocrx_word' id='word_1_90' title='bbox 1343 1776 1522 1863; x_wconf 80' lang='lat' dir='ltr'><strong>pigris</strong></span> <span class='ocrx_word' id='word_1_91' title='bbox 1546 1776 1825 1838; x_wconf 78' lang='lat' dir='ltr'>radicibus</span> <span class='ocrx_word' id='word_1_92' title='bbox 1849 1775 2033 1839; x_wconf 83' lang='lat' dir='ltr'><strong>haeret</strong></span> <span class='ocrx_word' id='word_1_93' title='bbox 2049 1799 2073 1849; x_wconf 53' lang='grc' dir='ltr'><strong>,ι</strong></span> 
     </span>
     <span class='ocr_line' id='line_1_15' title="bbox 607 1883 2073 1958; baseline 0 -14"><span class='ocrx_word' id='word_1_94' title='bbox 607 1883 729 1945; x_wconf 88' lang='lat' dir='ltr'><strong>Ora</strong></span> <span class='ocrx_word' id='word_1_95' title='bbox 756 1903 1022 1945; x_wconf 83' lang='lat' dir='ltr'><strong>cacumen</strong></span> <span class='ocrx_word' id='word_1_96' title='bbox 1046 1883 1199 1958; x_wconf 62' lang='lat' dir='ltr'><strong>abiu</strong></span> <span class='ocrx_word' id='word_1_97' title='bbox 1226 1897 1479 1946; x_wconf 83' lang='lat' dir='ltr'><strong>remanet</strong></span> <span class='ocrx_word' id='word_1_98' title='bbox 1509 1885 1666 1946; x_wconf 87' lang='lat' dir='ltr'><strong>nitor</strong></span> <span class='ocrx_word' id='word_1_99' title='bbox 1693 1908 1843 1947; x_wconf 85' lang='lat' dir='ltr'><strong>unus</strong></span> <span class='ocrx_word' id='word_1_100' title='bbox 1870 1885 1930 1945; x_wconf 90' lang='lat' dir='ltr'><strong>in</strong></span> <span class='ocrx_word' id='word_1_101' title='bbox 1959 1884 2073 1945; x_wconf 83' lang='lat' dir='ltr'><strong>illa.</strong></span> 
     </span>
    </p>
   </div>
   <div class='ocr_carea' id='block_1_5' title="bbox 451 2020 2576 2140">
    <p class='ocr_par' dir='ltr' id='par_1_5' title="bbox 451 2020 2576 2140">
     <span class='ocr_line' id='line_1_16' title="bbox 451 2020 2576 2140; baseline -0 -26"><span class='ocrx_word' id='word_1_102' title='bbox 451 2040 617 2115; x_wconf 83' lang='lat' dir='ltr'><strong>Saxa</strong></span> <span class='ocrx_word' id='word_1_103' title='bbox 650 2068 861 2115; x_wconf 89' lang='lat' dir='ltr'><strong>unum</strong></span> <span class='ocrx_word' id='word_1_104' title='bbox 894 2039 1153 2115; x_wconf 83' lang='lat' dir='ltr'><strong>vultum</strong></span> <span class='ocrx_word' id='word_1_105' title='bbox 1188 2040 1471 2128; x_wconf 89' lang='lat' dir='ltr'><strong>habent,</strong></span> <span class='ocrx_word' id='word_1_106' title='bbox 1509 2068 1632 2115; x_wconf 87' lang='lat' dir='ltr'><strong>nec</strong></span> <span class='ocrx_word' id='word_1_107' title='bbox 1664 2057 1884 2140; x_wconf 81' lang='lat' dir='ltr'><strong>partes</strong></span> <span class='ocrx_word' id='word_1_108' title='bbox 1915 2037 2391 2115; x_wconf 63' lang='lat' dir='ltr'><strong>discriminans</strong></span> <span class='ocrx_word' id='word_1_109' title='bbox 2414 2020 2576 2128; x_wconf 54' lang='lat' dir='ltr'><strong>{ni-</strong></span> 
     </span>
    </p>
   </div>
   <div class='ocr_carea' id='block_1_6' title="bbox 448 2172 2576 2407">
    <p class='ocr_par' dir='ltr' id='par_1_6' title="bbox 448 2172 2576 2407">
     <span class='ocr_line' id='line_1_17' title="bbox 448 2172 2576 2277; baseline 0 -31"><span class='ocrx_word' id='word_1_110' title='bbox 448 2172 592 2248; x_wconf 83' lang='lat' dir='ltr'>hilo</span> <span class='ocrx_word' id='word_1_111' title='bbox 630 2191 846 2250; x_wconf 88' lang='lat' dir='ltr'><strong>tamen</strong></span> <span class='ocrx_word' id='word_1_112' title='bbox 872 2174 1094 2250; x_wconf 89' lang='lat' dir='ltr'><strong>minus</strong></span> <span class='ocrx_word' id='word_1_113' title='bbox 1130 2175 1203 2249; x_wconf 93' lang='lat' dir='ltr'><strong>in</strong></span> <span class='ocrx_word' id='word_1_114' title='bbox 1234 2204 1311 2250; x_wconf 87' lang='lat' dir='ltr'><strong>ea</strong></span> <span class='ocrx_word' id='word_1_115' title='bbox 1344 2202 1613 2277; x_wconf 89' lang='lat' dir='ltr'><strong>quoque</strong></span> <span class='ocrx_word' id='word_1_116' title='bbox 1647 2175 1996 2250; x_wconf 80' lang='lat' dir='ltr'><strong>transitum</strong></span> <span class='ocrx_word' id='word_1_117' title='bbox 2019 2173 2308 2273; x_wconf 85' lang='lat' dir='ltr'><strong>jucunde</strong></span> <span class='ocrx_word' id='word_1_118' title='bbox 2333 2172 2576 2249; x_wconf 83' lang='lat' dir='ltr'><strong>descri-</strong></span> 
     </span>
     <span class='ocr_line' id='line_1_18' title="bbox 451 2306 2534 2407; baseline 0.003 -26"><span class='ocrx_word' id='word_1_119' title='bbox 451 2306 593 2397; x_wconf 83' lang='lat' dir='ltr'><strong>hit,</strong></span> <span class='ocrx_word' id='word_1_120' title='bbox 622 2310 723 2399; x_wconf 90' lang='lat' dir='ltr'><strong>II,</strong></span> <span class='ocrx_word' id='word_1_121' title='bbox 761 2308 941 2400; x_wconf 87' lang='lat'><strong>820,</strong></span> <span class='ocrx_word' id='word_1_122' title='bbox 978 2310 1100 2384; x_wconf 83' lang='lat' dir='ltr'><strong>uhi</strong></span> <span class='ocrx_word' id='word_1_123' title='bbox 1136 2308 1434 2407; x_wconf 84' lang='lat' dir='ltr'><strong>Aglauro</strong></span> <span class='ocrx_word' id='word_1_124' title='bbox 2517 2310 2534 2319; x_wconf 50' lang='lat'><strong><em>⁶</em></strong></span> 
     </span>
    </p>
   </div>
   <div class='ocr_carea' id='block_1_7' title="bbox 611 2491 2158 3420">
    <p class='ocr_par' dir='ltr' id='par_1_7' title="bbox 611 2491 2158 2999">
     <span class='ocr_line' id='line_1_19' title="bbox 611 2491 2045 2576; baseline 0.001 -24"><span class='ocrx_word' id='word_1_125' title='bbox 611 2491 855 2576; x_wconf 78' lang='lat' dir='ltr'><strong>Surgere</strong></span> <span class='ocrx_word' id='word_1_126' title='bbox 881 2493 1111 2554; x_wconf 82' lang='lat' dir='ltr'><strong>conanti</strong></span> <span class='ocrx_word' id='word_1_127' title='bbox 1138 2504 1356 2574; x_wconf 76' lang='lat' dir='ltr'><strong>partes,</strong></span> <span class='ocrx_word' id='word_1_128' title='bbox 1390 2512 1761 2573; x_wconf 89' lang='lat' dir='ltr'><strong>quascunque</strong></span> <span class='ocrx_word' id='word_1_129' title='bbox 1795 2492 2045 2553; x_wconf 83' lang='lat' dir='ltr'><strong>sedendo</strong></span> 
     </span>
     <span class='ocr_line' id='line_1_20' title="bbox 614 2598 2067 2683; baseline -0.001 -24"><span class='ocrx_word' id='word_1_130' title='bbox 614 2598 922 2659; x_wconf 82' lang='lat' dir='ltr'><strong>Flectimus</strong></span> <span class='ocrx_word' id='word_1_131' title='bbox 937 2642 957 2675; x_wconf 90' lang='lat'>‚</span> <span class='ocrx_word' id='word_1_132' title='bbox 987 2599 1184 2683; x_wconf 75' lang='lat' dir='ltr'><strong>ignava</strong></span> <span class='ocrx_word' id='word_1_133' title='bbox 1209 2610 1506 2678; x_wconf 70' lang='lat' dir='ltr'><strong>nequeunt</strong></span> <span class='ocrx_word' id='word_1_134' title='bbox 1532 2598 1801 2683; x_wconf 81' lang='lat' dir='ltr'><strong>gravitate</strong></span> <span class='ocrx_word' id='word_1_135' title='bbox 1828 2598 2067 2660; x_wconf 82' lang='lat' dir='ltr'><strong>moveri.</strong></span> 
     </span>
     <span class='ocr_line' id='line_1_21' title="bbox 611 2703 2068 2788; baseline -0.001 -23"><span class='ocrx_word' id='word_1_136' title='bbox 611 2704 715 2765; x_wconf 87' lang='lat' dir='ltr'><strong>Illa</strong></span> <span class='ocrx_word' id='word_1_137' title='bbox 743 2704 974 2785; x_wconf 83' lang='lat' dir='ltr'><strong>quidem</strong></span> <span class='ocrx_word' id='word_1_138' title='bbox 999 2716 1161 2765; x_wconf 88' lang='lat' dir='ltr'><strong>recto</strong></span> <span class='ocrx_word' id='word_1_139' title='bbox 1189 2716 1404 2788; x_wconf 78' lang='lat' dir='ltr'><strong>pugnat</strong></span> <span class='ocrx_word' id='word_1_140' title='bbox 1431 2725 1491 2766; x_wconf 79' lang='lat' dir='ltr'><strong>se</strong></span> <span class='ocrx_word' id='word_1_141' title='bbox 1518 2703 1780 2766; x_wconf 82' lang='lat' dir='ltr'><strong>attollere</strong></span> <span class='ocrx_word' id='word_1_142' title='bbox 1812 2715 2021 2765; x_wconf 84' lang='lat' dir='ltr'><strong>trunco</strong></span> <span class='ocrx_word' id='word_1_143' title='bbox 2052 2726 2068 2764; x_wconf 73' lang='grc' dir='ltr'><em>τ</em></span> 
     </span>
     <span class='ocr_line' id='line_1_22' title="bbox 621 2808 2158 2899; baseline 0 -27"><span class='ocrx_word' id='word_1_144' title='bbox 621 2810 736 2873; x_wconf 79' lang='lat' dir='ltr'><strong>sed</strong></span> <span class='ocrx_word' id='word_1_145' title='bbox 762 2831 1015 2894; x_wconf 83' lang='lat' dir='ltr'><strong>genuum</strong></span> <span class='ocrx_word' id='word_1_146' title='bbox 1046 2811 1311 2899; x_wconf 80' lang='lat' dir='ltr'><strong>junctura</strong></span> <span class='ocrx_word' id='word_1_147' title='bbox 1343 2810 1491 2895; x_wconf 81' lang='lat' dir='ltr'><strong>riget</strong></span> <span class='ocrx_word' id='word_1_148' title='bbox 1507 2854 1527 2887; x_wconf 85' lang='lat'>‚</span> <span class='ocrx_word' id='word_1_149' title='bbox 1552 2808 1847 2893; x_wconf 77' lang='lat' dir='ltr'><strong>frigusque</strong></span> <span class='ocrx_word' id='word_1_150' title='bbox 1874 2830 1979 2892; x_wconf 90' lang='lat' dir='ltr'><strong>per</strong></span> <span class='ocrx_word' id='word_1_151' title='bbox 2004 2821 2158 2872; x_wconf 85' lang='lat' dir='ltr'><strong>artus</strong></span> 
     </span>
     <span class='ocr_line' id='line_1_23' title="bbox 620 2915 1970 2999; baseline -0.001 -20"><span class='ocrx_word' id='word_1_152' title='bbox 620 2917 859 2979; x_wconf 82' lang='lat' dir='ltr'><strong>Labitur</strong></span> <span class='ocrx_word' id='word_1_153' title='bbox 875 2960 895 2992; x_wconf 88' lang='lat'>‚</span> <span class='ocrx_word' id='word_1_154' title='bbox 922 2928 983 2977; x_wconf 88' lang='lat' dir='ltr'><strong>et</strong></span> <span class='ocrx_word' id='word_1_155' title='bbox 1004 2915 1216 2996; x_wconf 87' lang='lat' dir='ltr'><strong>pallent</strong></span> <span class='ocrx_word' id='word_1_156' title='bbox 1246 2915 1453 2977; x_wconf 86' lang='lat' dir='ltr'><strong>amisso</strong></span> <span class='ocrx_word' id='word_1_157' title='bbox 1488 2916 1761 2999; x_wconf 84' lang='lat' dir='ltr'><strong>sanguine</strong></span> <span class='ocrx_word' id='word_1_158' title='bbox 1789 2936 1970 2978; x_wconf 67' lang='lat' dir='ltr'><strong>venae.</strong></span> 
     </span>
    </p>

    <p class='ocr_par' dir='ltr' id='par_1_8' title="bbox 623 3019 2047 3211">
     <span class='ocr_line' id='line_1_24' title="bbox 630 3019 2047 3104; baseline 0.001 -23"><span class='ocrx_word' id='word_1_159' title='bbox 630 3064 648 3081; x_wconf 90' lang='lat'><strong>.</strong></span> <span class='ocrx_word' id='word_1_160' title='bbox 670 3062 687 3080; x_wconf 88' lang='lat'><strong>.</strong></span> <span class='ocrx_word' id='word_1_161' title='bbox 711 3062 728 3079; x_wconf 88' lang='lat'>.</span> <span class='ocrx_word' id='word_1_162' title='bbox 751 3060 768 3078; x_wconf 88' lang='lat'><strong>.</strong></span> <span class='ocrx_word' id='word_1_163' title='bbox 809 3020 1018 3083; x_wconf 78' lang='lat' dir='ltr'><strong>Letalis</strong></span> <span class='ocrx_word' id='word_1_164' title='bbox 1038 3019 1216 3083; x_wconf 86' lang='lat' dir='ltr'><strong>hiems</strong></span> <span class='ocrx_word' id='word_1_165' title='bbox 1239 3019 1505 3103; x_wconf 87' lang='lat' dir='ltr'><strong>paulatim</strong></span> <span class='ocrx_word' id='word_1_166' title='bbox 1525 3020 1587 3080; x_wconf 87' lang='lat' dir='ltr'><strong>in</strong></span> <span class='ocrx_word' id='word_1_167' title='bbox 1608 3033 1841 3104; x_wconf 82' lang='lat' dir='ltr'><strong>pectora</strong></span> <span class='ocrx_word' id='word_1_168' title='bbox 1860 3021 2047 3097; x_wconf 83' lang='lat' dir='ltr'><strong>venit,</strong></span> 
     </span>
     <span class='ocr_line' id='line_1_25' title="bbox 623 3126 1801 3211; baseline 0.001 -24"><span class='ocrx_word' id='word_1_169' title='bbox 623 3126 948 3209; x_wconf 76' lang='lat' dir='ltr'><strong>vitalesque</strong></span> <span class='ocrx_word' id='word_1_170' title='bbox 974 3127 1092 3190; x_wconf 80' lang='lat' dir='ltr'><strong>vias</strong></span> <span class='ocrx_word' id='word_1_171' title='bbox 1118 3140 1176 3189; x_wconf 90' lang='lat' dir='ltr'><strong>et</strong></span> <span class='ocrx_word' id='word_1_172' title='bbox 1198 3126 1560 3211; x_wconf 75' lang='lat' dir='ltr'><strong>respiramina</strong></span> <span class='ocrx_word' id='word_1_173' title='bbox 1584 3127 1801 3201; x_wconf 76' lang='lat' dir='ltr'><strong>clausit.</strong></span> 
     </span>
    </p>

    <p class='ocr_par' dir='ltr' id='par_1_9' title="bbox 626 3229 2088 3420">
     <span class='ocr_line' id='line_1_26' title="bbox 626 3229 2064 3313; baseline 0 -20"><span class='ocrx_word' id='word_1_174' title='bbox 626 3233 753 3294; x_wconf 82' lang='lat' dir='ltr'><strong>Nec</strong></span> <span class='ocrx_word' id='word_1_175' title='bbox 781 3243 983 3294; x_wconf 84' lang='lat' dir='ltr'><strong>conata</strong></span> <span class='ocrx_word' id='word_1_176' title='bbox 1009 3230 1173 3313; x_wconf 87' lang='lat' dir='ltr'><strong>loqui</strong></span> <span class='ocrx_word' id='word_1_177' title='bbox 1204 3243 1320 3305; x_wconf 80' lang='lat' dir='ltr'><strong>est3</strong></span> <span class='ocrx_word' id='word_1_178' title='bbox 1355 3251 1498 3308; x_wconf 86' lang='lat' dir='ltr'><strong>nec,</strong></span> <span class='ocrx_word' id='word_1_179' title='bbox 1523 3231 1572 3291; x_wconf 85' lang='lat' dir='ltr'><strong>si</strong></span> <span class='ocrx_word' id='word_1_180' title='bbox 1604 3242 1802 3292; x_wconf 87' lang='lat' dir='ltr'><strong>conata</strong></span> <span class='ocrx_word' id='word_1_181' title='bbox 1827 3229 2064 3307; x_wconf 76' lang='lat' dir='ltr'><strong>suisset,</strong></span> 
     </span>
     <span class='ocr_line' id='line_1_27' title="bbox 626 3336 2088 3420; baseline 0.001 -23"><span class='ocrx_word' id='word_1_182' title='bbox 626 3337 805 3400; x_wconf 86' lang='lat' dir='ltr'><strong>Vocis</strong></span> <span class='ocrx_word' id='word_1_183' title='bbox 836 3337 1071 3399; x_wconf 77' lang='lat' dir='ltr'><strong>haberet</strong></span> <span class='ocrx_word' id='word_1_184' title='bbox 1096 3337 1242 3410; x_wconf 83' lang='lat' dir='ltr'><strong>iter3</strong></span> <span class='ocrx_word' id='word_1_185' title='bbox 1280 3358 1473 3399; x_wconf 82' lang='lat' dir='ltr'><strong>saxum</strong></span> <span class='ocrx_word' id='word_1_186' title='bbox 1502 3338 1614 3420; x_wconf 85' lang='lat' dir='ltr'><strong>jam</strong></span> <span class='ocrx_word' id='word_1_187' title='bbox 1639 3336 1786 3398; x_wconf 88' lang='lat' dir='ltr'><strong>colla</strong></span> <span class='ocrx_word' id='word_1_188' title='bbox 1818 3336 2044 3398; x_wconf 87' lang='lat' dir='ltr'><strong>tenebat</strong></span> <span class='ocrx_word' id='word_1_189' title='bbox 2067 3379 2088 3413; x_wconf 88' lang='lat'><strong>‚</strong></span> 
     </span>
    </p>
   </div>
   <div class='ocr_carea' id='block_1_8' title="bbox 630 3442 2204 3531">
    <p class='ocr_par' dir='ltr' id='par_1_10' title="bbox 630 3442 2204 3531">
     <span class='ocr_line' id='line_1_28' title="bbox 630 3442 2204 3531; baseline -0.001 -23"><span class='ocrx_word' id='word_1_190' title='bbox 630 3447 866 3530; x_wconf 69' lang='lat' dir='ltr'><strong>Oraque</strong></span> <span class='ocrx_word' id='word_1_191' title='bbox 888 3444 1198 3509; x_wconf 69' lang='lat' dir='ltr'><strong>timuerant</strong></span> <span class='ocrx_word' id='word_1_192' title='bbox 1224 3469 1239 3503; x_wconf 69' lang='grc' dir='ltr'><strong>ι</strong></span> <span class='ocrx_word' id='word_1_193' title='bbox 1277 3445 1621 3531; x_wconf 80' lang='lat' dir='ltr'><strong>signumque</strong></span> <span class='ocrx_word' id='word_1_194' title='bbox 1648 3466 1928 3530; x_wconf 78' lang='lat' dir='ltr'><strong>exsangue</strong></span> <span class='ocrx_word' id='word_1_195' title='bbox 1955 3442 2204 3507; x_wconf 83' lang='lat' dir='ltr'><strong>sedehat.</strong></span> 
     </span>
    </p>
   </div>
   <div class='ocr_carea' id='block_1_9' title="bbox 470 3597 2598 3836">
    <p class='ocr_par' dir='ltr' id='par_1_11' title="bbox 470 3597 2598 3836">
     <span class='ocr_line' id='line_1_29' title="bbox 470 3597 2596 3704; baseline -0.001 -27"><span class='ocrx_word' id='word_1_196' title='bbox 470 3602 703 3704; x_wconf 82' lang='lat' dir='ltr'><strong>Neque</strong></span> <span class='ocrx_word' id='word_1_197' title='bbox 716 3598 915 3678; x_wconf 83' lang='lat' dir='ltr'><strong>semel</strong></span> <span class='ocrx_word' id='word_1_198' title='bbox 930 3617 1186 3675; x_wconf 86' lang='lat' dir='ltr'><strong>tantum</strong></span> <span class='ocrx_word' id='word_1_199' title='bbox 1197 3597 1387 3673; x_wconf 89' lang='lat' dir='ltr'><strong>illum</strong></span> <span class='ocrx_word' id='word_1_200' title='bbox 1406 3600 1759 3675; x_wconf 78' lang='lat' dir='ltr'><strong>transitum</strong></span> <span class='ocrx_word' id='word_1_201' title='bbox 1776 3628 1897 3700; x_wconf 89' lang='lat' dir='ltr'><strong>per</strong></span> <span class='ocrx_word' id='word_1_202' title='bbox 1912 3617 2136 3701; x_wconf 89' lang='lat' dir='ltr'><strong>partes</strong></span> <span class='ocrx_word' id='word_1_203' title='bbox 2153 3597 2459 3675; x_wconf 84' lang='lat' dir='ltr'><strong>elocutus</strong></span> <span class='ocrx_word' id='word_1_204' title='bbox 2475 3615 2596 3688; x_wconf 67' lang='lat' dir='ltr'><strong>est,</strong></span> 
     </span>
     <span class='ocr_line' id='line_1_30' title="bbox 477 3732 2598 3836; baseline -0.003 -24"><span class='ocrx_word' id='word_1_205' title='bbox 477 3734 595 3812; x_wconf 80' lang='lat' dir='ltr'><strong>sed</strong></span> <span class='ocrx_word' id='word_1_206' title='bbox 610 3765 762 3812; x_wconf 86' lang='lat' dir='ltr'><strong>cum</strong></span> <span class='ocrx_word' id='word_1_207' title='bbox 774 3735 1085 3812; x_wconf 82' lang='lat' dir='ltr'><strong>varietate</strong></span> <span class='ocrx_word' id='word_1_208' title='bbox 1104 3734 1364 3836; x_wconf 78' lang='lat' dir='ltr'><strong>saepius.</strong></span> <span class='ocrx_word' id='word_1_209' title='bbox 1392 3734 1662 3812; x_wconf 83' lang='lat' dir='ltr'><strong>Etenim</strong></span> <span class='ocrx_word' id='word_1_210' title='bbox 1682 3735 1899 3824; x_wconf 86' lang='lat' dir='ltr'><strong>etiam,</strong></span> <span class='ocrx_word' id='word_1_211' title='bbox 1924 3736 2052 3825; x_wconf 83' lang='lat' dir='ltr'>V1,·</span> <span class='ocrx_word' id='word_1_212' title='bbox 2071 3732 2234 3825; x_wconf 86' lang='lat'>303,</span> <span class='ocrx_word' id='word_1_213' title='bbox 2255 3734 2330 3809; x_wconf 91' lang='lat' dir='ltr'><strong>in</strong></span> <span class='ocrx_word' id='word_1_214' title='bbox 2354 3732 2598 3813; x_wconf 69' lang='lat' dir='ltr'><strong>szbae:</strong></span> 
     </span>
    </p>
   </div>
   <div class='ocr_carea' id='block_1_10' title="bbox 637 3912 2195 4105">
    <p class='ocr_par' dir='ltr' id='par_1_12' title="bbox 637 3912 2195 4105">
     <span class='ocr_line' id='line_1_31' title="bbox 1133 3912 2139 3998; baseline 0.004 -25"><span class='ocrx_word' id='word_1_215' title='bbox 1133 3957 1150 3973; x_wconf 90' lang='lat'><strong>.</strong></span> <span class='ocrx_word' id='word_1_216' title='bbox 1174 3954 1190 3970; x_wconf 89' lang='lat'><strong>.</strong></span> <span class='ocrx_word' id='word_1_217' title='bbox 1216 3956 1232 3971; x_wconf 92' lang='lat'>.</span> <span class='ocrx_word' id='word_1_218' title='bbox 1274 3912 1484 3974; x_wconf 81' lang='lat' dir='ltr'><strong>Nullos</strong></span> <span class='ocrx_word' id='word_1_219' title='bbox 1511 3927 1706 3976; x_wconf 82' lang='lat' dir='ltr'><strong>movet</strong></span> <span class='ocrx_word' id='word_1_220' title='bbox 1728 3936 1864 3978; x_wconf 87' lang='lat' dir='ltr'><strong>aura</strong></span> <span class='ocrx_word' id='word_1_221' title='bbox 1882 3913 2139 3998; x_wconf 83' lang='lat' dir='ltr'><strong>capillos.</strong></span> 
     </span>
     <span class='ocr_line' id='line_1_32' title="bbox 637 4017 2195 4105; baseline -0.001 -22"><span class='ocrx_word' id='word_1_222' title='bbox 637 4022 708 4083; x_wconf 84' lang='lat' dir='ltr'><strong>ln</strong></span> <span class='ocrx_word' id='word_1_223' title='bbox 734 4019 900 4083; x_wconf 77' lang='lat' dir='ltr'><strong>vultu</strong></span> <span class='ocrx_word' id='word_1_224' title='bbox 926 4019 1090 4082; x_wconf 85' lang='lat' dir='ltr'><strong>color</strong></span> <span class='ocrx_word' id='word_1_225' title='bbox 1116 4030 1205 4081; x_wconf 82' lang='lat' dir='ltr'><strong>est</strong></span> <span class='ocrx_word' id='word_1_226' title='bbox 1235 4017 1357 4081; x_wconf 75' lang='lat' dir='ltr'><strong>sine</strong></span> <span class='ocrx_word' id='word_1_227' title='bbox 1385 4018 1655 4105; x_wconf 76' lang='lat' dir='ltr'><strong>sanguine</strong></span> <span class='ocrx_word' id='word_1_228' title='bbox 1691 4043 1707 4082; x_wconf 72' lang='grc' dir='ltr'><strong><em>ε</em></strong></span> <span class='ocrx_word' id='word_1_229' title='bbox 1737 4020 1952 4083; x_wconf 82' lang='lat' dir='ltr'><strong>lumina</strong></span> <span class='ocrx_word' id='word_1_230' title='bbox 1979 4018 2195 4083; x_wconf 75' lang='lat' dir='ltr'><strong>moestia</strong></span> 
     </span>
    </p>
   </div>
   <div class='ocr_carea' id='block_1_11' title="bbox 2956 8 2964 875">
    <p class='ocr_par' dir='ltr' id='par_1_13' title="bbox 2956 8 2964 875">
     <span class='ocr_line' id='line_1_33' title="bbox 2956 8 2964 875; baseline 0 0"><span class='ocrx_word' id='word_1_231' title='bbox 2956 8 2964 875; x_wconf 95' lang='lat' dir='ltr'><strong> </strong></span> 
     </span>
    </p>
   </div>
   <div class='ocr_carea' id='block_1_12' title="bbox 2956 8 2964 1053">
    <p class='ocr_par' dir='ltr' id='par_1_14' title="bbox 2956 8 2964 1053">
     <span class='ocr_line' id='line_1_34' title="bbox 2956 8 2964 1053; baseline 0 0"><span class='ocrx_word' id='word_1_232' title='bbox 2956 8 2964 1053; x_wconf 95' lang='lat' dir='ltr'><strong> </strong></span> 
     </span>
    </p>
   </div>
  </div>
 </body>
</html>
