2975 4784
537 300 668 385 402

1087 305 1164 369 P.
1226 305 1582 374 0V1D11
1638 308 2098 379 NASONIS

537 442 636 514 Ne
672 458 887 513 tamen
916 439 1029 514 ille
1063 469 1290 529 canor,
1325 442 1705 519 mulcendas
1736 464 1930 522 natus
1963 448 2047 522 ad
2080 479 2270 527 aures
2288 511 2308 541 ‚

534 559 876 658 Tantaque
911 556 1034 631 dos
1071 557 1208 632 oris
1242 558 1481 653 linguae
1513 560 1899 662 deperderet
1932 593 2126 639 usum
2148 622 2168 655 ‚

538 674 835 769 Virginei
872 672 1096 747 vultus
1120 730 1139 761 ‚
1176 691 1244 749 et
1280 704 1403 748 vox
1437 676 1725 750 humana
1752 678 2084 752 remansit.

640 829 675 860 n
713 795 808 867 At
834 790 1092 864 medius
1125 789 1475 893 fratrisque
1510 793 1615 866 sui
1643 812 2021 896 moestaeque
2056 801 2346 890 δοται-ἦε,

531 910 799 1014 Jupiter
828 936 906 981 ex
940 935 1130 1007 aequo
1164 905 1533 982 volventem
1569 907 1805 983 dividit
1838 940 2105 986 annum.
2168 922 2172 926 ’
2555 942 2643 995 ³523

529 1033 722 1103 Nune
751 1027 895 1099 Dea
914 1079 934 1111 ‚
971 1049 1325 1118 regnorum
1345 1053 1596 1098 numen
1632 1052 1981 1101 commune
2016 1028 2299 1104 duorum
2319 1089 2339 1119 ‚

530 1147 700 1219 Cum
735 1157 940 1215 matre
973 1154 1076 1213 est
1112 1138 1384 1216 totidem
1403 1195 1422 1226 ‚
1459 1139 1739 1214 totidem
1772 1170 1923 1216 cum
1956 1145 2242 1244 conjuge
2275 1178 2543 1225 menses.

527 1258 828 1333 Vertitur
857 1253 1187 1355 extemplo
1220 1254 1417 1332 facies
1436 1311 1456 1343 ‚
1495 1273 1562 1330 et
1591 1256 1864 1346 mentis»,
1893 1276 1964 1332 et
1995 1260 2132 1334 oris
2159 1294 2176 1348 ;

525 1380 694 1450 Nam
716 1429 735 1461 ‚
766 1370 967 1446 modo
1003 1397 1148 1470 quae
1179 1387 1448 1471 poterat
1475 1371 1620 1444 Diti
1649 1401 1918 1475 quoque
1950 1395 2187 1451 moesta
2222 1379 2427 1456 videri
2450 1438 2469 1470 ‚

523 1494 702 1566 Laeta
737 1490 894 1561 Deae
927 1486 1110 1560 frons
1145 1503 1287 1573 est3
1327 1503 1404 1560 ut
1437 1486 1554 1560 Sol
1579 1542 1598 1574 ‚
1638 1489 1754 1590 qui
1793 1508 2005 1565 tectus
2036 1496 2302 1594 aquosis

2535 1519 2629 1589 570

524 1604 834 1679 Nubibus
864 1621 1014 1677 ante
1043 1601 1208 1704 suit,
1245 1601 1436 1676 victis
1471 1602 1594 1676 ubi
1625 1606 1928 1680 nubibus
1964 1608 2116 1682 exit.

623 1755 660 1788 »
701 1719 929 1814 Exigit
955 1718 1124 1792 alma
1157 1707 1385 1800 Ceres,
1415 1736 1568 1792 nata
1602 1748 1832 1795 secura
1864 1741 2124 1824 recepta
2148 1780 2167 1812 ‚

522 1881 632 1951 gius
655 1879 701 1931 Β
720 1918 735 1944 ,
763 1880 956 1938 subita,
1001 1874 1142 1944 quod
1178 1875 1304 1928 ferri
1329 1887 1534 1945 potest;

519 1969 571 2011 at
586 1955 796 2010 Codicis
813 1953 859 2006 Α
874 1952 1028 2005 lectio
1040 1961 1118 2004 est
1136 1960 1326 2024 notatu
1343 1951 1502 2021 digna
1519 1975 1533 2018 ς

515 2036 706 2091 scilicet
726 2055 741 2087 ι
764 2038 819 2086 1⁴ae
831 2039 975 2085 artus
998 2033 1214 2084 malma}
1234 2038 1430 2083 veslms
1448 2050 1538 2085 su-

517 2118 657 2167 bitas
672 2114 950 2180 fluescere
968 2125 1168 2175 pennas
1192 2126 1210 2160 .·
1242 2125 1353 2162 non
1397 2107 1535 2160 male

516 2201 657 2246 certe
675 2229 690 2257 ,
728 2187 820 2242 sed
858 2197 1034 2240 tamen
1071 2185 1246 2239 minus
1275 2185 1533 2238 concinne

516 2279 573 2322 et
594 2267 863 2338 eleganter
889 2282 1050 2333 quam
1076 2263 1298 2333 vulgata.
1322 2265 1421 2316 Ed.

586 2345 696 2399 561.
723 2346 889 2397 Natus
911 2345 997 2395 ad.
1025 2340 1161 2394 Vide
1185 2340 1252 2394 ad
1277 2342 1330 2395 11
1356 2380 1371 2408 ,
1400 2342 1531 2408 223,

515 2432 667 2480 nolus
701 2429 780 2478 ad
802 2443 955 2476 sacra
981 2424 1267 2486 Ce’lhaeron‚·
1308 2430 1361 2473 et
1397 2420 1532 2473 infra

517 2504 1010 2578 591.-Deperdere!.
1032 2498 1214 2552 Codex
1236 2497 1431 2569 Regius
1447 2499 1532 2570 B,

514 2603 578 2637 ne
585 2586 816 2652 perderet
829 2601 846 2634 .·
870 2580 978 2634 haec
1001 2578 1244 2649 repetitio
1259 2619 1274 2646 ,
1288 2598 1353 2634 m·
1365 2539 1533 2631 tamesi

511 2667 602 2716 ille
645 2679 862 2714 canor...
877 2701 890 2713 .
908 2696 921 2710 .
939 2698 974 2710 ..
1013 2678 1077 2710 ne
1104 2660 1357 2723 perderet,
1409 2667 1531 2709 ante

513 2758 685 2794 unum
706 2737 926 2790 verbum
952 2735 1181 2789 insolens
1205 2743 1312 2799 est,
1329 2733 1531 2788 etiamsi

524 2814 835 2885 quibusdam
853 2831 965 2866 non
995 2812 1210 2879 ingrata.
1230 2812 1332 2861 Ed.

581 2892 693 2959 564.
708 2887 1099 2957 Medmsratnzc
1114 2894 1167 2939 e!
1177 2890 1391 2949 semein·
1413 2904 1529 2938 me·

514 2967 631 3022 dius
653 2970 793 3022 inter
811 2969 1027 3020 fratrem
1049 2975 1101 3017 et
1124 2980 1360 3016 sororem
1383 3001 1399 3028 ,
1425 2962 1528 3017 hoc

512 3058 589 3100 est
605 3085 621 3112 ‚
648 3046 853 3114 utrique
872 3061 1017 3112 aeque
1038 3043 1228 3094 favens.
1243 3039 1432 3093 Horat.
1447 3039 1524 3106 11,

516 3121 624 3176 Od.
643 3135 739 3176 xlx
760 3162 775 3191 ,
806 3122 896 3187 28,
918 3123 1074 3173 Pacis
1095 3121 1287 3182 lvdius
1311 3124 1364 3169 el
1375 3121 1503 3170 belle·
1507 3158 1521 3181 ‚

512 3201 568 3254 id
603 3211 707 3266 est,
751 3202 958 3271 utrique
1005 3217 1153 3267 aeque
1199 3196 1436 3250 idoneus.
1459 3224 1527 3238 ·-

524 3281 805 3331 Volva-alem
829 3320 843 3341 ‚
892 3278 1085 3333 scilicet
1111 3317 1126 3346 ,
1165 3295 1219 3330 se
1247 3316 1262 3343 ‚
1303 3275 1525 3330 verbum

511 3369 695 3429 aptum
711 3356 777 3411 dc
797 3357 1020 3412 decursu
1034 3378 1098 3410 an
1106 3358 1157 3410 ni
1175 3395 1190 3422 ‚
1214 3357 1301 3426 qui
1317 3375 1525 3425 semper

513 3438 568 3490 in
585 3437 768 3490 orbem
793 3436 946 3489 redit.
971 3436 1192 3487 Homer.
1212 3441 1305 3494 ἴτυς
1326 3438 1527 3510 ειμι-λα’·

509 3540 733 3584 μενονμ-
750 3517 837 3566 Ex
856 3530 994 3580 equo
1008 3552 1022 3570 .
1061 3512 1116 3563 iu
1143 3530 1314 3580 aequas
1336 3523 1525 3582 partes.

508 3618 576 3632 -—-
596 3593 719 3645 Cum
741 3598 897 3643 matre
916 3605 934 3651 ,·
967 3598 1027 3641 ut
1057 3607 1151 3655 per
1172 3608 1259 3641 sex
1281 3608 1485 3642 menses
1505 3627 1521 3655 ,

509 3669 695 3736 quibus
715 3667 805 3721 Sol
823 3666 875 3718 in
899 3664 1056 3733 signis
1072 3674 1149 3715 est
1168 3665 1520 3734 Australibus,

507 3745 645 3812 apud
687 3746 938 3797 maritum
985 3740 1052 3793 sit
1067 3778 1083 3806 ,
1115 3740 1248 3794 infra
1287 3753 1483 3796 terram
1504 3766 1518 3809 ;

504 3838 591 3874 sex
605 3822 749 3885 alios,
764 3815 1075 3891 quibusvisit
1089 3816 1323 3871 Borealia
1333 3839 1518 3890 regna,

507 3908 814 3964 emergant,
841 3901 1225 3955 maturescant,
1254 3892 1307 3944 iu
1329 3892 1520 3950 horrea

509 3971 855 4039 deportentur
873 3974 1060 4042 fruges.
1079 3967 1177 4021 Vel
1195 3969 1354 4022 etiam
1375 3972 1518 4040 quod

506 4048 656 4100 Luna
670 4085 685 4112 ,
710 4065 827 4115 quae
850 4047 1038 4100 eadem
1060 4055 1140 4100 est
1162 4062 1278 4112 quae
1295 4046 1519 4101 Proser-

1632 1878 1755 1949 pina
1779 1889 1831 1932 et
1854 1878 2027 1932 Diana
2047 1921 2064 1946 ,
2093 1900 2153 1934 ex
2177 1899 2333 1949 equo
2359 1892 2639 1952 utrumque

1628 1954 2054 2027 hemispherium
2073 1997 2088 2024 ,
2115 1960 2354 2028 superius
2374 1971 2525 2030 atque
2550 1963 2637 2016 in-

1633 2031 1796 2086 ferius
1815 2033 2049 2088 illustret.
2072 2037 2173 2088 Ed.

1697 2110 1809 2164 568.
1824 2112 2006 2164 Facies
2022 2117 2220 2170 nea-113.
2244 2114 2443 2167 affectio
2460 2115 2641 2169 animi.

1630 2212 1698 2226 —-
1719 2189 1843 2239 Be'le‘
1877 2208 2078 2257 quoqne.
2104 2188 2263 2258 -Ejus
2307 2191 2453 2243 enim
2494 2200 2645 2259 ape!

1630 2269 1949 2318 mestisstha
1980 2269 2136 2318 abes
2178 2266 2408 2333 Asperat
2444 2276 2499 2320 et
2528 2272 2643 2321 dim

1628 2347 1758 2409 rige!
1785 2348 2103 2398 inclementia
2123 2345 2336 2413 forne,
2374 2347 2640 2401 Claudiana

1631 2419 1694 2483 1,
1730 2420 1905 2474 81.1n
1935 2421 1986 2473 h.
2016 2421 2239 2475 Homer.
2273 2426 2403 2490 445,
2438 2425 2641 2494 Jupiter

1630 2514 1726 2564 per
1766 2495 1973 2550 Rheam
2022 2496 2209 2552 Cereri
2250 2501 2412 2553 offert
2452 2501 2641 2556 condi-

1630 2573 1830 2626 tionem
1856 2573 2021 2639 hanc,
2051 2585 2109 2628 ut
2125 2575 2229 2629 filia
2248 2579 2463 2634 tertiam
2481 2581 2641 2648 cujus-

1631 2669 1733 2719 que
1758 2652 1883 2703 anni
1914 2662 2119 2721 partem
2140 2672 2265 2706 cum
2291 2655 2523 2709 Plutone
2545 2658 2639 2718 sit,

1629 2727 1757 2793 duas
1805 2728 2031 2798 reliquas
2076 2750 2199 2784 cum
2244 2731 2357 2800 ipsa
2402 2733 2459 2786 in
2506 2734 2640 2787 calo.

1631 2804 1956 2861 Conditione
1986 2827 2049 2862 ea
2072 2820 2280 2880 accepta
2301 2849 2317 2876 ,
2338 2812 2477 2881 agris
2495 2813 2643 2866 uber·

1625 2894 1785 2938 tatem
1826 2885 2015 2938 reddit.
2040 2886 2129 2941 Sic
2155 2897 2211 2940 et
2248 2888 2493 2958 Apollod.
2518 2890 2645 2943 rab.

1623 2962 1746 3016 iude
1771 2973 1945 3016 ortam
1961 2975 2111 3035 putat
2134 2964 2312 3019 Schol.
2336 2968 2560 3021 Hesiod.
2579 2971 2645 3022 ad

1625 3040 1727 3094 Th.
1752 3044 1853 3112 9¹4
1872 3081 1886 3108 ,
1926 3044 2047 3112 quia
2070 3045 2283 3113 frugum
2311 3047 2521 3099 semina
2542 3047 2643 3100 ati-

1623 3128 1753 3188 quot
1776 3138 1982 3174 menses
2000 3122 2095 3174 sub
2119 3132 2258 3175 terra
2276 3122 2508 3190 lateant,
2532 3125 2645 3177 reli-

1622 3215 1790 3265 quum
1824 3208 2032 3267 tempus
2077 3216 2235 3268 supra
2272 3210 2480 3254 terram
2518 3221 2641 3255 oer-

1621 3288 1837 3332 uantur.

1687 3356 1926 3424 572-541.
1947 3358 2200 3424 Alpheus,
2233 3356 2369 3410 dum
2388 3361 2650 3412 Atellae

1621 3430 1867 3503 Nympha
1904 3433 1960 3485 in
1999 3434 2114 3502 ejus
2148 3432 2375 3487 flumine
2418 3435 2640 3498 lavatur,

1620 3525 1800 3561 amore
1835 3510 1950 3578 ejus
1985 3509 2207 3564 ardescit
2239 3511 2641 3582 fugientemque

1619 3588 1980 3654 persequitur;
2026 3597 2082 3640 et
2112 3588 2200 3640 ubi
2229 3588 2316 3641 illa
2342 3589 2403 3640 in
2435 3590 2639 3642 fontem

1618 3672 1855 3716 mutatur
1874 3703 1889 3729 ,
1918 3675 1970 3717 et
1998 3665 2105 3735 ipse
2128 3665 2185 3717 iu
2210 3667 2453 3735 propria
2476 3665 2642 3719 undas

1617 3740 1855 3801 vertitur,
1897 3753 1956 3793 ut
1981 3761 2036 3795 se
2075 3742 2123 3794 ei
2161 3742 2399 3795 misceat.
2440 3740 2641 3795 Confer

1617 3817 1839 3871 Pausan.
1865 3820 1935 3885 V,
1961 3839 2011 3889 p.
2033 3819 2132 3891 389
2149 3838 2260 3888 sqq.
2278 3820 2371 3888 qui
2386 3831 2445 3873 et
2465 3819 2604 3873 addit
2618 3857 2635 3882 ‚

1615 3895 1800 3949 sabulae
1827 3895 1950 3948 inde
1986 3897 2159 3949 locum
2187 3896 2409 3965 datum,
2438 3897 2555 3966 quia
2575 3897 2635 3948 in

1614 3971 1937 4025 Arethusam
1974 3973 2178 4027 sontem
2231 3975 2477 4027 illabatur
2524 3971 2635 4025 Al—

1612 4049 1815 4117 pheus3
1852 4051 1918 4105 de
1964 4071 2071 4121 quo
2102 4071 2283 4107 errove
2323 4052 2525 4106 dictum
2558 4050 2630 4103 ad
