2975 4784
501 343 589 430 34
1376 341 1741 412 semes

494 486 683 584 Argo
710 480 1148 557 custodienda
1183 500 1357 559 esset
1395 484 1669 572 tradita,
1703 483 1886 560 hunc
1913 483 2265 561 Mercurius
2292 544 2310 571 ‚
2367 505 2632 565 narrata

490 605 678 708 prius
712 605 1037 707 Nymphae
1068 604 1348 712 &nugis
1376 606 1449 680 in
1482 606 1840 680 arundinem
1877 608 2489 697 transformatione,
2522 638 2632 682 oc-

430 726 435 731 ’
491 728 686 818 cidit,
708 728 982 834 ejusque
1002 727 1239 802 deinde
1264 729 1431 803 oculi
1449 757 1487 803 a
1506 730 1554 802 J
1554 757 1777 802 unone
1802 728 1873 801 in
1881 758 2180 831 pavonem
2204 729 2429 805 collati
2452 747 2630 804 sunt.

492 855 665 927 Tum
701 854 787 928 Io
804 913 822 940 ,
851 854 1117 955 pn'stina
1141 853 1438 928 mulieris
1444 852 1667 955 fimna
1695 872 1962 956 recepta
1980 910 1999 942 ,
2029 855 2374 956 Epaphum
2399 856 2594 956 parit.

590 1013 745 1085 Lm.
786 1012 882 1105 ll.
906 1010 1048 1108 Qui
1076 1039 1283 1112 quum
1310 1008 1671 1110 aliquando
1698 1010 2082 1086 Phaethonti
2098 1011 2484 1114 Apollinem
2508 1068 2527 1100 ,
2555 1031 2636 1088 ut

495 1132 737 1209 falsum
769 1152 1060 1235 patrem,
1109 1131 1461 1233 objecisset
1484 1190 1505 1222 ,
1560 1132 1671 1207 ille
1718 1162 1950 1208 currus
1997 1133 2234 1209 solaris
2281 1136 2635 1237 imperium

495 1255 581 1330 ad
603 1255 779 1330 diem
806 1284 1014 1330 unum
1042 1283 1080 1329 a
1100 1272 1319 1356 patre,
1348 1255 1413 1328 in
1442 1255 1692 1356 pignus
1723 1284 1888 1331 verae
1914 1257 2179 1357 stirpiS,
2220 1257 2433 1358 petiit.
2467 1258 2631 1356 Quo

493 1378 891 1480 impetrato,
929 1396 1103 1457 terra
1145 1377 1230 1449 ab
1285 1405 1365 1451 eo
1421 1394 1564 1450 tota
1609 1377 2020 1465 accenditur,
2070 1394 2137 1453 et
2179 1379 2355 1453 inter
2404 1398 2638 1454 caetera

406 1507 413 1516 ’
492 1501 832 1601 migr-escunt
876 1498 1250 1601 AEthebpes.
1305 1500 1798 1576 Phaethontem
1848 1501 2084 1575 deinde
2143 1501 2422 1578 fulmine
2479 1531 2636 1604 per-

492 1651 759 1698 cussum
794 1621 953 1695 dum
985 1620 1223 1717 lugent
1247 1648 1517 1709 sorores,
1577 1640 1644 1696 et
1670 1651 1804 1696 una
1832 1641 2158 1719 cognatus
2195 1621 2471 1731 Cycnus,
2507 1624 2636 1699 illae

490 1747 562 1821 in
594 1747 872 1831 arbores,
906 1745 1018 1820 hic
1042 1746 1116 1819 in
1149 1774 1397 1852 cycnum
1422 1764 1737 1821 mutatur.
1771 1748 1948 1821 Hinc
1974 1749 2272 1850 Jupiter,
2307 1748 2633 1839 lustrato,

494 1886 573 1944 ut
606 1896 758 1942 eum
779 1867 1069 1969 pristino
1102 1867 1318 1963 vigori
1341 1869 1751 1957 restitueret,
1792 1889 2114 1946 terrarum
2148 1871 2346 1960 orbe,
2374 1872 2445 1944 in
2481 1871 2641 1946 Cal-

486 1992 764 2066 listonem
801 1990 1040 2064 incidit
1065 2046 1085 2078 ,
1137 2019 1414 2091 eamque
1434 2046 1453 2078 ,
1493 1992 1969 2068 sumta-Dianae
2003 1993 2244 2081 forma,
2277 1996 2630 2095 stupravit.

487 2114 602 2190 Ob
638 2113 708 2187 id
742 2114 909 2188 irata
936 2116 1121 2188 Juno
1166 2112 1600 2189 Callistonem
1642 2115 1712 2189 in
1761 2145 1962 2189 ursam
2012 2117 2379 2205 convertit,
2429 2146 2632 2219 quam

490 2257 730 2342 postea
771 2241 989 2316 Arcas
1032 2238 1213 2314 filius
1258 2240 1696 2315 transfixurus
1726 2258 1898 2327 erat,
1932 2242 2064 2317 nisi
2094 2259 2454 2343 utrumque
2506 2246 2634 2317 Ju-

489 2363 668 2464 piter
686 2363 861 2437 inter
883 2360 1087 2437 sidera
1107 2361 1463 2437 retulisset.
1493 2365 1649 2460 Qua
1673 2363 1754 2438 (le
1769 2392 1840 2437 re
1864 2393 2068 2465 quum
2086 2366 2265 2467 apud
2290 2368 2633 2442 Oceanum

487 2502 855 2585 conquesta
886 2501 1059 2563 esset
1082 2485 1303 2571 Juno,
1339 2484 1411 2557 in
1448 2483 1678 2558 caelum
1711 2484 1916 2560 relata
1957 2505 2060 2560 est
2101 2488 2402 2563 humeris
2435 2514 2637 2590 pavo-

486 2637 629 2683 num
658 2666 677 2694 ,
726 2607 842 2710 qui
878 2635 1095 2708 nuper
1124 2607 1429 2706 van'egati
1450 2607 1748 2696 fuerant3
1778 2609 1952 2683 sicut
1978 2627 2044 2684 et
2074 2638 2284 2685 corvus
2306 2639 2528 2713 nuper
2552 2640 2633 2686 ex

489 2731 634 2804 albo
663 2731 835 2830 miger
856 2746 998 2803 erat
1015 2727 1338 2815 redditus,
1362 2757 1567 2828 quum
1600 2728 1876 2805 Cornicis
1895 2733 2190 2820 monitis,
2209 2763 2356 2834 quae
2373 2733 2471 2807 illi
2490 2752 2634 2807 tum

491 2880 679 2926 suam
704 2853 776 2924 in
802 2850 1164 2937 cornicem,
1196 2866 1337 2923 tum
1376 2851 1760 2956 Nyctt’menes
1787 2853 1860 2926 in
1890 2870 2170 2928 noctuam
2193 2856 2634 2930 mutationem

492 2971 887 3071 explicarat,
925 3001 1065 3047 non
1100 2971 1670 3070 obtemperasset,
1723 3003 1952 3049 verum
2004 2974 2331 3051 Comm'daek
2373 2976 2634 3052 adulte-

492 3093 670 3165 rium
695 3092 779 3164 ad
798 3093 1185 3193 Apollinem
1213 3091 1580 3167 detulisset.
1603 3094 1770 3192 Ejus
1789 3095 2024 3172 deinde
2043 3097 2186 3173 filio
2212 3099 2630 3203 AEsculapio,

490 3242 527 3288 e
554 3212 893 3286 Coronide
912 3233 1199 3302 exsecto,
1225 3215 1377 3290 etin
1395 3215 1713 3290 Chironis
1739 3236 2004 3293 antrum
2025 3219 2269 3308 delato,
2290 3221 2633 3329 (Ityn-hoe,

493 3332 811 3407 Chironis
840 3332 980 3406 filia
1002 3334 1272 3410 fatidica
1290 3392 1311 3425 ,
1346 3336 1508 3410 dum
1532 3336 1756 3411 sutura
1784 3341 2115 3440 praedicit,
2142 3344 2216 3416 in
2239 3372 2458 3446 equam
2484 3370 2634 3419 ver·

491 3454 676 3526 titur.
705 3455 883 3527 Tum
909 3452 1195 3544 Chiron,
1226 3475 1445 3556 pater,
1474 3460 1798 3559 Apollinis
1823 3462 2140 3539 auxilium
2164 3466 2413 3541 frustra
2441 3467 2639 3541 invo-

492 3574 701 3659 cavit,
741 3573 925 3673 quod
958 3572 1071 3647 ille
1106 3574 1241 3673 jam
1272 3578 1344 3651 in
1376 3579 1572 3654 Elide
1606 3584 1840 3681 'pastor
1871 3583 2086 3659 sactus
2126 3587 2310 3662 aliud
2362 3608 2594 3685 ageret
2615 3647 2637 3677 ‚

485 3693 806 3789 neglectis
837 3695 1037 3767 etiam
1064 3695 1315 3769 bubus.
1363 3696 1444 3769 ld
1474 3702 1658 3797 quod
1695 3704 2032 3781 Mercurio
2066 3708 2334 3786 furandi
2369 3741 2483 3786 eas
2514 3741 2641 3786 oc-

491 3815 828 3891 casionem
874 3812 1097 3899 dedit,
1151 3816 1269 3912 qui
1300 3816 1540 3892 deinde
1574 3823 1839 3897 Battum
1874 3827 1966 3900 ob
2000 3828 2255 3906 furtum
2288 3835 2644 3935 proditum

495 3940 569 4014 in
592 3936 849 4011 Indikem
870 3932 1161 4033 lapidem
1187 3937 1485 4011 mutavit.
1522 3941 1687 4016 Inde
1714 3946 1984 4024 avolans
2008 3952 2276 4041 Hersen,
2311 3958 2644 4059 Cecropis

488 4059 693 4138 filiam
716 4116 737 4150 ,
768 4070 1023 4158 spectat
1045 4069 1304 4161 ,Jeaque
1332 4056 1609 4154 potitur.
1651 4064 1780 4141 Cui
1811 4067 1972 4143 dum
2016 4072 2274 4153 invidet
2305 4080 2646 4181 Aglauros
