2975 4784
702 351 1732 449 METAMORPHOSEON
1779 355 1973 425 LIB.
2027 359 2115 426 v.

2343 360 2473 453 387

359 524 399 558 »
437 491 865 594 Spernimur;
897 518 972 564 ac
1000 518 1256 565 mecum
1288 489 1459 565 vires
1495 508 1851 566 tenuantur
1877 494 2160 570 Amoris.

370 641 407 673 n
447 605 717 681 Pallada
747 634 968 681 nonne
1001 605 1183 681 vides
1204 662 1223 694 ‚
1255 604 1829 709 iaculatricemque
1861 610 2140 685 Dianam

2383 637 2485 706 375

365 757 403 790 »
446 724 867 800 Abscessisse
898 722 1117 797 mihi?
1154 722 1411 797 Cereris
1444 751 1710 824 quoque
1740 722 1877 798 filia
1904 725 2091 822 virgo
2115 784 2134 817 ‚

368 875 406 907 »
447 842 518 916 Si
549 842 879 943 patiamur
900 896 920 929 ‚
953 840 1119 928 erit;
1155 868 1307 914 nam
1340 868 1494 942 spes
1527 839 1810 915 adfectat
1843 842 2119 918 easdem.

370 990 407 1022 n
446 960 539 1032 At
572 975 683 1045 tu,
717 985 840 1057 pro
874 956 1057 1031 socio
1091 956 1148 1030 si
1186 985 1316 1057 qua
1349 973 1452 1031 est
1485 984 1628 1030 mea
1664 956 1875 1051 gratia
1906 985 2111 1053 regno
2134 1014 2154 1046 ,

373 1105 409 1138 »
449 1073 669 1168 Junge
704 1072 912 1145 Deam
941 1086 1203 1170 patruo.
1238 1103 1274 1135 »
1310 1070 1502 1144 Dixit
1532 1073 1762 1145 Venus
1791 1101 1807 1144 ε
1844 1071 1956 1145 ille
1990 1072 2361 1173 pharetram

368 1184 624 1273 Solvit;
658 1202 759 1274 et,
799 1184 1077 1258 arbitrio
1111 1184 1378 1273 matris,
1416 1183 1498 1257 de
1532 1182 1713 1257 mille
1753 1183 2009 1280 sagittis

2397 1213 2493 1264 380

377 1302 598 1374 Unam
632 1300 931 1402 seposuit
951 1355 970 1387 ‚
1001 1299 1118 1374 sed
1155 1329 1282 1401 qua
1313 1327 1433 1373 nec
1467 1300 1721 1376 acutior
1751 1299 1888 1374 ulla
1908 1357 1927 1389 ‚

367 1417 505 1490 Nec
537 1415 756 1490 minus
788 1416 1035 1490 incerta
1066 1431 1166 1489 est
1185 1470 1205 1503 ‚
1243 1444 1366 1490 nec
1400 1443 1545 1516 quae
1578 1417 1788 1512 magis
1822 1416 2046 1490 audiat
2078 1445 2339 1506 arcum;

371 1530 845 1631 oppositoque
878 1559 1048 1625 genu
1086 1531 1377 1606 curvavit
1410 1529 1623 1606 flexile
1658 1560 1909 1619 cornu;

369 1646 586 1744 Inque
620 1673 736 1718 cor
761 1644 1023 1717 hamata
1052 1643 1382 1745 percussit
1412 1643 1731 1718 arundine
1763 1645 2007 1719 Ditem.

376 1842 580 1895 tionem
611 1841 939 1896 concinnavit
963 1851 1017 1894 et
1038 1839 1393 1895 ‘commenda-

376 1918 452 1972 vit
470 1958 485 1984 ,
509 1926 566 1972 e!
588 1926 754 1971 tamen
789 1925 844 1972 in
876 1922 1000 1972 celo
1029 1938 1217 1987 quoque
1248 1925 1394 1970 lanta

366 2002 620 2066 patientia
638 2006 807 2051 nostro
831 1999 1097 2064 Spernitur.
1124 2024 1192 2039 —-
1213 1995 1393 2051 Lectio

380 2078 670 2132 Heinsiana
684 2077 881 2131 inutilis
891 2087 967 2130 est
979 2095 992 2129 :
1002 2077 1160 2130 verba
1169 2077 1394 2147 qnaejam

368 2160 625 2224 patt‘enle'a
656 2163 831 2209 nostra
862 2162 944 2209 est
974 2155 1095 2208 satis
1134 2175 1394 2226 superque

377 2233 763 2302 intelliguntur,
774 2242 828 2286 et
840 2231 1269 2287 emendationem
1284 2253 1396 2292 non

377 2309 695 2365 desiderant.
719 2311 818 2362 Ed.
836 2336 903 2351 —·
921 2311 1044 2362 Jam
1069 2310 1284 2365 inservit
1301 2311 1396 2374 in,-

377 2386 702 2458 dignationi,
731 2396 948 2439 notante
974 2385 1305 2441 Burmanno.
1329 2415 1396 2430 —

377 2468 660 2527 Patientia,
689 2463 850 2517 animi
867 2463 1078 2530 lenitas,
1102 2483 1266 2533 quum
1281 2465 1395 2535 quis

381 2539 577 2609 patitur
599 2550 653 2593 et
672 2557 734 2593 ea
760 2556 878 2607 quae
902 2537 1017 2592 lieri
1039 2557 1147 2591 non
1168 2539 1393 2607 debent,

383 2617 620 2686 adeoque
641 2635 776 2686 sape
792 2616 846 2669 in
871 2616 1000 2669 vitio
1019 2617 1253 2686 ponitur.
1271 2617 1397 2671 Ele-

386 2706 573 2768 ganter
590 2699 680 2765 qni
699 2693 976 2748 adhibetur
1000 2694 1054 2747 in
1073 2694 1400 2764 interjectio-

383 2776 536 2829 nibus
554 2813 569 2841 ,
595 2784 685 2828 aut
707 2792 804 2844 pro
826 2793 973 2842 quum
990 2781 1178 2826 tantus.
1201 2801 1268 2814 --
1298 2775 1400 2826 Te-

380 2862 624 2918 nuantur,
667 2854 981 2906 minuuntur
1003 2892 1018 2920 ,
1066 2850 1205 2921 quod
1232 2862 1309 2906 est
1342 2852 1397 2905 in

385 2932 538 2988 variis
552 2930 858 2986 lectionibus
871 2952 889 2995 3
914 2950 963 2983 v.
977 2951 1023 3001 g.
1039 2930 1096 2983 in
1116 2929 1399 2986 Codicibus

390 3009 567 3080 Regiis
591 3005 838 3064 Editoris.

454 3088 566 3156 375.
598 3087 821 3139 Pallada
839 3102 1000 3137 nonne
1022 3087 1180 3142 υἱάσι.
1202 3083 1252 3137 Α
1278 3081 1398 3152 qui-

386 3165 484 3224 bus
528 3163 855 3235 potissimum
891 3172 1171 3232 spernatur
1212 3162 1406 3214 Venus

390 3244 600 3316 exponit
617 3265 630 3308 3
659 3243 824 3298 Pallas
839 3237 982 3295 enim
1008 3259 1066 3294 ac
1084 3239 1256 3293 Diana
1274 3259 1403 3308 per-

389 3331 606 3392 petuam
636 3329 889 3372 voverant
909 3316 1280 3392 virginitatem.
1303 3318 1403 3370 Ed.

388 3425 455 3438 —-
477 3398 775 3454 Absceduo!
793 3393 941 3448 alteri
964 3433 981 3460 ,
1027 3393 1116 3464 qui
1152 3391 1404 3446 deserunt

388 3475 502 3544 ejus
531 3484 718 3544 partes.
755 3467 861 3524 Sed
894 3489 1039 3524 nunc
1073 3478 1152 3523 est
1173 3509 1189 3537 ,
1222 3469 1404 3538 sugere

392 3551 604 3607 alterius
618 3545 1255 3620 imperium.--Adſsectat,
1279 3565 1406 3600 con-

388 3630 541 3700 cepit.
564 3658 634 3672 —
656 3629 831 3697 Siqua
843 3634 925 3684 es!
934 3632 1132 3696 gratu,
1160 3623 1407 3680 solemnis

388 3704 617 3761 formula
633 3704 687 3757 in
707 3704 957 3774 precibus.
971 3705 1071 3772 IV,
1092 3702 1188 3755 535
1207 3723 1221 3766 ;
1239 3702 1370 3756 infra
1387 3741 1403 3770 ,

390 3788 420 3838 5
431 3805 448 3836 ι
461 3787 490 3836 5
509 3820 525 3847 ,
551 3786 603 3833 se‘
620 3786 762 3833 nulla
779 3787 860 3833 es!
867 3786 1039 3850 gratia
1054 3785 1246 3831 matth.

461 3858 770 3917 380.Solus‘t,
791 3856 957 3927 aperit
970 3895 986 3924 ,
1008 3855 1241 3909 detracto
1253 3873 1409 3925 oper-

393 3937 543 4003 culo,
570 3953 678 4004 quo
701 3933 805 4003 tegi
830 3933 1074 4002 pharetra
1103 3931 1311 3988 solebat.
1343 3959 1410 3971 —

396 4017 632 4083 Seposuit
652 4010 951 4081 exquisitius
968 4051 983 4078 ,
1008 4029 1168 4081 quam
1186 4050 1202 4080 ‚
1238 4010 1407 4081 elegit.

403 4093 540 4150 Vide
567 4091 632 4148 ad
656 4091 888 4147 Plinium
907 4131 923 4161 ,
966 4093 1096 4148 Pan.
1113 4108 1334 4162 xxxvn,
1362 4094 1407 4159 4.

1486 1868 1554 1880 —
1576 1842 1683 1894 Nec
1712 1861 1819 1909 quc
1853 1848 2019 1912 mage}
2054 1854 2151 1898 etc.
2184 1845 2314 1900 Haec
2348 1845 2506 1900 verba

1486 1916 1649 1987 capit,
1675 1937 1796 1971 cum
1821 1918 1929 1972 aliis
1946 1959 1961 1986 ,
1981 1920 2139 1973 etiam
2163 1921 2504 1976 Burmannus

1487 1992 1555 2048 de
1593 2004 1735 2048 certa
1776 1996 1973 2065 sagitta.
2013 1997 2189 2061 Male;
2219 1999 2320 2053 hoc
2358 1999 2507 2052 enim

1484 2072 1594 2142 jam
1615 2072 1813 2127 dixerat
1838 2085 2024 2144 poeta;
2050 2076 2208 2145 igitur
2223 2077 2320 2130 alia
2342 2077 2506 2132 virtus

1485 2150 1703 2222 intelligi
1738 2152 1909 2206 debet.
1947 2153 2121 2207 Facile
2158 2158 2308 2207 audit
2336 2175 2506 2210 arcum

1484 2228 1669 2298 sagitta
1693 2248 1753 2282 ea
1771 2267 1786 2295 ,
1806 2247 1924 2298 qun
1947 2228 2128 2283 habilis
2152 2241 2259 2298 est,
2289 2243 2342 2286 et
2359 2233 2507 2287 sacile

1487 2305 1601 2377 regi
1616 2346 1632 2374 ,
1658 2308 1800 2362 mitti
1822 2318 2014 2380 potest.
2035 2309 2218 2382 Virgil.
2237 2310 2506 2383 Georg.1,

1490 2387 1587 2451 5¹4
1604 2425 1619 2451 ,
1656 2405 1811 2454 neque
1848 2390 2000 2441 audit
2029 2408 2204 2444 currus
2240 2393 2464 2444 habenas
2491 2432 2507 2458 ‚

1487 2462 1718 2532 reginen
1733 2473 1920 2540 potest.
1937 2464 2026 2519 Sic
2038 2465 2172 2536 cepit
2187 2466 2344 2522 etiam
2358 2467 2509 2523 sehi-

1488 2537 1629 2593 rach.
1654 2561 1683 2585 α
1711 2541 1935 2608 Notata,
1964 2542 2164 2612 inquit,
2186 2545 2368 2618 sagitta
2385 2547 2511 2600 sul.»-

1488 2615 1607 2672 tilis.
1652 2617 1908 2672 Praeclara
1952 2639 2079 2674 vero
2112 2633 2192 2696 est
2228 2622 2505 2693 descriptio

1493 2692 1708 2752 Amoris
1722 2694 1960 2765 sagittam
1974 2698 2233 2755 mittentis
2246 2721 2262 2765 ς
2285 2701 2430 2776 eligit
2442 2702 2507 2755 de

1494 2769 1638 2828 mille
1669 2790 1834 2823 unam
1860 2812 1875 2840 ,
1914 2784 1969 2826 et
2006 2775 2221 2844 quidem
2271 2778 2513 2833 acutissi-

1494 2865 1638 2902 mam
1655 2884 1671 2913 ,
1696 2848 2035 2904 certissimam
2053 2890 2069 2919 ,
2114 2852 2261 2908 facile
2283 2872 2513 2922 sequen·

1494 2935 1604 2978 tem
1616 2945 1630 2978 :
1643 2925 1786 2994 atqui
1795 2946 1922 2980 vero
1937 2938 2080 2984 tanta
2097 2950 2221 2984 cura
2236 2950 2369 3003 opus
2379 2945 2510 2997 erat;
2530 2984 2539 2992 ,

1494 3002 1695 3058 etenim
1726 3006 1896 3072 σείων
1919 3024 2050 3074 pars
2086 3011 2239 3060 tertia
2263 3014 2447 3062 mundi.
2488 3033 2514 3056 »ι

1491 3109 1560 3122 -
1576 3083 1682 3134 Nec
1700 3102 1807 3151 que
1832 3090 1998 3154 magis·
2016 3089 2200 3139 audial
2213 3109 2401 3143 arcem.
2425 3090 2513 3156 Sic

1495 3156 1688 3228 legitur
1710 3159 1766 3211 in
1795 3157 1995 3215 Codice
2024 3162 2070 3215 B
2093 3184 2108 3227 ς
2136 3174 2187 3216 at
2213 3164 2394 3221 Codex
2426 3169 2474 3223 A
2494 3208 2512 3237 ,

1496 3253 1589 3288 nec
1613 3254 1762 3302 quam
1783 3240 1946 3304 magis
1970 3241 2152 3291 audiat
2170 3261 2331 3297 arcus.
2366 3245 2517 3298 Inter

1498 3312 1591 3367 has
1617 3313 1865 3369 lectiones
1886 3334 1996 3368 non
2035 3316 2242 3375 difficile
2274 3333 2352 3376 est
2384 3323 2517 3377 seli-

1499 3410 1654 3522 ἐπες
1681 3393 1915 3460 quamvis
1932 3395 2076 3448 enim
2097 3398 2319 3452 verbum
2341 3404 2518 3454 audine

1537 3488 1628 3522 uas
1656 3467 1845 3522 habeat
1880 3470 2284 3541 significationes
2305 3516 2321 3543 ‚
2364 3487 2416 3530 et
2455 3478 2512 3530 in

1498 3545 1721 3601 lectione
1743 3546 1951 3603 Codicis
1965 3552 2034 3618 A,
2051 3572 2202 3606 arcus
2214 3559 2397 3608 audrie!
2410 3576 2513 3608 na·

1497 3628 1580 3693 εἰς
1604 3663 1618 3686 ,
1669 3623 2069 3696 intelligendum
2111 3629 2220 3698 sit,
2258 3638 2516 3699 acceptam

1500 3707 1661 3769 magis
1683 3703 1870 3753 habeat
1883 3711 2126 3772 sagmata
2141 3746 2154 3769 ,
2187 3713 2242 3760 el
2267 3711 2518 3762 lubentius

1502 3782 1791 3831 mittendam
1806 3819 1821 3842 ,
1871 3791 2049 3835 tamen
2081 3784 2226 3854 prior
2267 3785 2421 3840 lectio
2463 3798 2517 3842 et

1501 3875 1681 3910 sensus
1701 3856 1874 3927 potior
1902 3869 1991 3912 est.
2019 3863 2118 3914 Ed.

1566 3935 1678 4000 384.
1692 3939 1850 4006 Inque
1861 3956 1962 3990 cor.
1980 3937 2195 4010 Regius,
2210 3945 2370 4006 corde.
2384 3943 2517 3996 Bur·

1505 4031 1760 4081 mannus,
1796 4033 1895 4068 nec
1922 4019 1978 4068 1⁶12
2008 4036 2122 4082 cor,
2166 4037 2265 4073 nec
2295 4025 2349 4072 in
2372 4022 2521 4073 cordt

1495 4098 1750 4160 percussit
1769 4093 1889 4151 satis
1913 4094 2179 4167 eleganter
2204 4098 2401 4158 dictum
2420 4114 2522 4170 pu·-
