2975 4784
629 351 758 419 350

1168 349 1249 417 P.
1310 346 1666 416 0V1D11
1721 346 2182 419 NASONIS

623 489 829 582 Virga
861 513 1094 561 recens
1114 541 1134 574 ‚
1165 485 1532 590 bibulaque
1564 488 1926 564 etiamnum
1957 489 2104 565 viva
2128 491 2414 570 medulla
2437 552 2460 585 ‚

620 605 776 679 Vim
811 603 1040 706 rapuit
1071 603 1392 693 monstri,
1431 621 1745 708 tactuque
1775 604 2081 681 induruit
2108 607 2348 709 hujus;

622 720 1059 822 Percepitque
1093 748 1343 794 novum
1375 721 1574 794 ramis
1611 738 1677 795 et
1702 720 1939 796 fronde
1973 721 2282 819 rigorem.

2665 751 2759 822 745

613 839 715 913 At
747 835 966 939 pelagi
999 834 1322 937 Nympha
1349 834 1598 911 sactum
1623 835 1927 912 mirabile
1962 853 2221 914 tentant

621 953 941 1029 Pluribus
973 951 1047 1025 in
1079 950 1323 1046 virgis,
1356 968 1423 1025 et
1451 950 1625 1036 idem
1664 952 2050 1049 contingere
2076 954 2365 1048 gaudent
2392 985 2412 1046 ;

624 1069 1021 1168 Seminaque
1056 1095 1138 1142 ex
1173 1065 1305 1140 illis
1331 1063 1578 1140 iterant
1605 1066 1843 1166 jactata
1879 1095 2001 1168 per
2030 1068 2264 1142 undas.

617 1189 812 1260 Nunc
848 1211 1117 1285 quoque
1145 1181 1411 1257 curaliis
1447 1181 1673 1258 eadem
1709 1199 1944 1287 natura
1976 1184 2294 1258 remansit
2314 1240 2334 1272 ,

621 1309 955 1383 Duritiem
995 1322 1169 1381 tacto
1201 1305 1468 1407 capiant
1500 1321 1578 1379 ut
1609 1305 1694 1379 ab
1729 1333 1912 1395 aere3
1951 1305 2267 1407 quodque

2659 1333 2757 1402 750

617 1431 865 1507 ·Vimen
901 1431 972 1520 in
999 1457 1263 1531 aequore
1289 1445 1470 1516 erat,
1506 1427 1622 1502 fiat
1655 1456 1859 1530 super
1889 1456 2152 1530 aequora
2186 1457 2438 1503 saxum.

715 1556 834 1627 VI.
888 1553 1014 1628 Dis
1046 1552 1265 1626 tribus
1299 1549 1410 1624 ille
1442 1549 1636 1624 focos
1668 1549 1946 1624 totidem
1982 1549 2064 1625 de
2096 1551 2342 1653 cespite
2378 1553 2579 1653 ponit
2601 1610 2621 1642 ,

621 1767 835 1823 Hesiod.
853 1767 957 1821 Th.
974 1785 1087 1836 ²70·
1110 1766 1400 1821 Dicebatur
1422 1784 1633 1836 quoque

616 1850 867 1917 Phorcys,
888 1847 1194 1906 Phoe-cidon
1224 1844 1342 1897 vide
1364 1864 1497 1898 vers.
1525 1845 1637 1914 774.

684 1924 795 1994 743.
820 1925 947 1974 Viva
958 1920 1146 1975 eadem
1160 1939 1277 1990 que
1289 1940 1480 1985 recens,
1499 1939 1638 1973 non-

618 2001 749 2055 dum
794 1999 1025 2054 marcida
1045 2040 1061 2067 ,
1102 2000 1157 2052 in
1204 1999 1354 2066 cujus
1379 2002 1631 2062 medulla,

618 2081 747 2135 vasis
763 2120 779 2147 ,
820 2079 956 2134 succi
980 2077 1165 2131 adhue.
1188 2105 1255 2118 —
1280 2080 1480 2144 Rapuit
1500 2082 1626 2138 υὺη,

614 2158 749 2211 illico
766 2166 976 2228 experta
988 2166 1064 2210 est
1082 2155 1189 2208 vim
1213 2154 1371 2208 illa'rn.
1388 2181 1457 2195 —
1469 2157 1633 2207 Indu-

618 2240 722 2289 mt‘!
739 2275 752 2295 .
777 2253 982 2288 saxeam
1006 2244 1251 2287 naturam
1278 2233 1504 2301 accepit;
1541 2231 1634 2286 sed

619 2315 869 2369 duritiem
892 2312 1158 2368 Schirach.
1184 2322 1328 2366 creat
1353 2336 1403 2366 το
1422 2312 1589 2378 balias.

680 2392 789 2458 746.
838 2394 1027 2457 Pelage'
1061 2392 1323 2460 Nymphas
1366 2407 1476 2441 uon
1524 2388 1632 2457 ipse

618 2469 845 2525 Ovidius
862 2468 1090 2532 addidit3
1114 2467 1205 2521 sed
1230 2478 1284 2522 et
1310 2466 1560 2537 Orpheus
1576 2467 1633 2519 in

619 2547 755 2603 Lith.
780 2548 938 2602 habet
958 2587 973 2613 ,
998 2565 1300 2615 quanquam
1325 2546 1396 2599 ibi
1417 2545 1514 2599 alia
1531 2565 1632 2599 ea-

618 2647 736 2681 rum
767 2646 941 2697 opera.
965 2628 1291 2697 Sanguinem
1315 2627 1462 2680 enim
1480 2666 1498 2693 ,
1527 2646 1634 2695 quo

612 2707 775 2775 virge
792 2715 1052 2770 saturata,
1079 2704 1150 2757 ita
1170 2704 1547 2773 compingunt,
1573 2712 1633 2756 ut

615 2784 743 2854 lapis
762 2803 872 2837 esse
899 2782 1233 2835 videatur.—
1256 2785 1497 2840 Teutoni.
1525 2781 1632 2834 ad·-

615 2862 771 2916 motis
784 2860 1016 2931 pluribus
1025 2858 1179 2929 virgis
1193 2859 1429 2928 eapiti.-
1439 2861 1638 2913 Iler-an!

603 2944 817 3011 jactata
832 2983 846 3002 ‚
883 2939 1118 3009 repetitis
1141 2938 1338 2992 vicibus
1362 2948 1631 3008 spargunt.

614 3049 681 3062 —
712 3023 951 3080 lactare,
992 3017 1201 3082 serere',
1239 3034 1503 3086 spargere.

619 3123 634 3139 ·
686 3101 796 3171 749.
847 3100 1068 3152 Carale't's
1112 3094 1259 3163 dedit
1307 3094 1561 3149 Heinsiu's
1600 3114 1630 3148 e

615 3175 929 3232 Florentino
951 3175 1006 3230 S.
1026 3174 1196 3229 Marci
1212 3173 1632 3242 etNeapolitano

617 3273 715 3325 pro
727 3260 936 3310 coralietr
949 3297 963 3319 ,
994 3255 1115 3327 quia
1128 3253 1438 3307 vetustiores
1461 3251 1632 3306 Greci

613 3334 827 3409 κουρᾶλωι
849 3343 903 3386 et
924 3340 1142 3408 κοῦραλλα
1161 3330 1491 3401 scripserunt.
1516 3330 1629 3383 Re-

615 3410 684 3482 gii
715 3410 881 3464 nostri
917 3409 1115 3464 habent
1148 3414 1366 3462 corale‘elr.
1401 3406 1628 3460 Minime

613 3496 789 3545 eadem
807 3496 991 3541 natura
1021 3501 1100 3543 est
1122 3489 1182 3542 iis
1202 3528 1218 3553 ‚
1244 3507 1361 3557 quoe
1387 3496 1525 3540 tado
1566 3486 1630 3539 ab

616 3590 734 3624 aere
759 3580 813 3623 et
845 3587 874 3620 a
897 3577 1035 3620 tacto
1063 3566 1300 3621 Medusa
1324 3566 1487 3635 capite
1517 3565 1630 3618 du-

613 3659 838 3704 rescunt.
865 3646 970 3701 Sed
994 3644 1218 3700 Ovidius
1237 3666 1352 3716 quae
1376 3646 1441 3699 de
1465 3665 1630 3699 cura-

614 3729 805 3781 liorum
831 3734 1020 3779 natura
1049 3723 1417 3792 tradebantur,
1444 3724 1629 3796 mytho

616 3803 1011 3858 accommodare
1050 3800 1230 3854 voluit.
1254 3801 1338 3855 De
1375 3804 1437 3856 iis
1467 3804 1628 3857 etiam

621 3880 756 3933 Ptin.
792 3883 929 3934 Hist.
967 3880 1088 3934 Nat„
1124 3879 1373 3944 XXXII,
1409 3897 1487 3948 11,
1533 3900 1626 3934 n:

614 3958 803 4009 Bacce
823 3959 1052 4010 candida
1074 3960 1167 4009 sub
1198 3974 1333 4023 equa
1352 3964 1406 4009 e!
1421 3961 1598 4010 molles
1611 3977 1628 4010 .-

612 4041 818 4087 etenle
857 4035 1120 4100 confestim
1162 4036 1406 4087 durantur
1439 4045 1494 4088 el
1528 4059 1628 4090 ru—

614 4117 833 4167 bescunt.
856 4114 1025 4166 Aiunt
1032 4153 1050 4182 ,
1078 4120 1217 4167 lacta
1225 4118 1455 4180 protinus
1482 4119 1627 4183 Iape‘-'

1732 1766 1944 1818 desem.
1979 1762 2187 1817 Verum
2216 1764 2330 1819 hec
2354 1775 2542 1820 natura
2568 1768 2752 1822 conici

1734 1852 1941 1896 tantum
1956 1852 2034 1896 est
2046 1882 2062 1909 ,
2080 1861 2188 1895 non
2208 1843 2447 1897 interiori
2462 1846 2614 1913 parti,
2634 1866 2755 1916 qut

1732 1920 1839 1988 jam
1852 1919 1949 1973 sub
1968 1939 2100 1989 aqua
2124 1919 2256 1973 dura
2273 1922 2545 1991 reperitur.
2561 1951 2631 1963 —
2658 1928 2755 1978 Vc·-

1732 2017 1874 2060 mn,
1905 1999 1940 2051 i.
1961 2018 2009 2068 q.
2036 2003 2193 2067 ωηο.
2225 1997 2496 2053 Claudian.
2520 2000 2574 2053 X
2604 2040 2621 2066 ,
2662 2002 2755 2075 169

1729 2095 1838 2146 sq.:
1871 2080 2048 2131 Vinea
2070 2091 2182 2131 era!
2195 2119 2207 2134 ‚
2236 2081 2355 2131 dum
2381 2087 2569 2147 stagna
2602 2085 2753 2134 subd.

1728 2161 2053 2211 processerat
2062 2161 2218 2210 unde?
2228 2178 2246 2210 .·
2255 2160 2593 2227 genusnil.
2612 2160 2751 2213 nine

1727 2239 2011 2310 lithopbyta
2033 2237 2186 2291 dicta.
2205 2238 2384 2292 Hodie
2409 2240 2605 2293 curalia
2628 2241 2749 2294 ani-

1729 2313 1962 2368 malculis
1998 2313 2258 2384 originem
2296 2314 2494 2368 debere
2528 2317 2747 2369 credun·

1729 2403 1837 2459 tur,
1858 2412 2159 2463 quanquam
2175 2413 2292 2447 eam
2308 2395 2619 2463 opinionem
2633 2397 2741 2449 im-

1727 2482 1928 2540 pugnat
1978 2470 2237 2525 Mullerus
2255 2510 2271 2536 ,
2317 2491 2478 2542 quem
2520 2473 2640 2528 vide
2683 2474 2744 2527 ad

1731 2549 1934 2603 Linnsei
1957 2550 2201 2623 Systema
2215 2550 2437 2605 Nature
2454 2591 2470 2618 ,
2496 2562 2626 2604 tom.
2642 2550 2719 2605 Vl
2732 2591 2747 2614 .

1730 2648 1778 2697 p.
1803 2628 1903 2696 643
1931 2647 2043 2698 sqq.

1797 2708 2049 2773 752-802.
2068 2707 2292 2759 Alc-dno
2307 2715 2475 2774 capul.
2502 2707 2653 2761 Inter
2667 2726 2749 2777 po-

1727 2785 1841 2839 eula
1869 2787 2090 2840 Perseus
2126 2787 2232 2855 ipse
2268 2797 2488 2852 narrat,
2516 2805 2617 2856 qua
2643 2798 2746 2839 arte

1729 2862 1968 2917 Medusa
1994 2873 2150 2933 eaput
2173 2864 2462 2917 abstulerit.
2512 2865 2606 2918 Est
2643 2864 2745 2917 hee

1726 2942 1898 2997 sabula
1921 2964 2029 2997 una
2055 2964 2117 2997 ex
2140 2945 2512 3014 antiquissimis
2538 2986 2553 3011 ‚
2592 2963 2744 3014 quam

1725 3039 1755 3073 a
1783 3020 2116 3075 Phoenicibus
2134 3061 2150 3087 ,
2187 3022 2276 3090 qui
2306 3022 2541 3076 Africam
2570 3033 2742 3075 extre-

1727 3119 1871 3153 mam
1900 3100 2168 3168 adierant,
2196 3100 2337 3154 haud
2362 3101 2527 3156 dubie
2560 3123 2741 3172 arep-

1726 3187 1836 3231 tam
1883 3177 2053 3232 Graeri
2093 3179 2270 3233 Persei
2311 3180 2471 3234 rebus
2500 3181 2739 3234 inserue-

1727 3268 1869 3311 runt.
1893 3257 2205 3310 Narraverat
2229 3275 2347 3310 eam
2380 3257 2740 3330 Pherecydem

1728 3343 2036 3388 tractaverat
2063 3334 2221 3388 etiam
2247 3334 2527 3407 AEsrhyles
2552 3337 2608 3389 in
2632 3346 2741 3388 tra-

1728 3413 1893 3483 goedia
1913 3417 2210 3472 Pbomt'des.
2238 3415 2328 3484 qui
2344 3414 2490 3468 idem
2508 3456 2523 3480 ,
2544 3416 2597 3468 in
2616 3415 2741 3468 Pro-

1726 3492 1888 3547 meth.
1917 3494 2012 3566 798
2033 3512 2142 3563 sqq.
2167 3533 2181 3560 ,
2208 3493 2272 3546 de
2297 3493 2642 3563 Gor-genibus
2657 3513 2740 3546 ea-

1727 3589 1953 3639 rumque
1984 3571 2250 3625 sororibus
2283 3573 2550 3627 nonnulla
2581 3571 2741 3625 liabet-

1728 3648 1838 3702 Nos
1857 3667 1975 3701 eam
2006 3648 2276 3702 haurimus
2301 3668 2362 3701 ex
2392 3649 2615 3704 Hesiodi
2643 3645 2743 3700 Th.

1727 3731 1996 3797 270—285;
2037 3727 2182 3781 Scut.
2209 3728 2430 3782 Hercul.
2472 3730 2574 3783 ,ιδ
2602 3747 2743 3798 sqq.;

1729 3807 1994 3863 Eratosth.
2023 3829 2114 3875 aa,
2142 3827 2306 3878 quem
2329 3810 2600 3862 transtulit
2630 3809 2749 3878 Hy·

1727 3886 1830 3957 gin.
1858 3886 1914 3939 P.
1944 3887 2009 3939 Α.
2025 3886 2079 3939 11
2099 3926 2114 3952 ,
2149 3907 2203 3939 12
2228 3908 2241 3950 ς
2271 3886 2627 3956 Apollon.11‚
2654 3899 2747 3950 tv,

1726 3981 1790 4022 ας
1816 3961 1991 4016 Schol.
2027 3962 2267 4033 Apollon.
2296 3964 2407 4028 IV,
2437 3967 2598 4020 1515;
2622 3961 2749 4015 Or-

1726 4038 1845 4107 phei
1874 4059 2036 4093 carm.
2076 4039 2142 4093 de
2180 4040 2361 4110 Lapid.
2393 4056 2505 4107 XV,
2535 4040 2604 4092 ³0
2633 4058 2755 4108 sqq.

1727 4117 1972 4173 Studiose
2002 4119 2278 4189 scriptores
2302 4130 2509 4174 veteres
2545 4119 2751 4188 quesi-
