2975 4784
486 355 605 419 152

1022 353 1102 417 P.
1177 351 1525 419 OVIDII
1581 349 2029 420 NASONIS

475 493 751 591 Statque
784 517 1020 591 super3
1057 489 1497 590 manibusque
1531 488 1716 562 datas
1751 489 2133 585 contingere
2165 488 2459 564 habenas

475 606 764 694 Gaudet3
802 623 869 680 et
900 605 1109 678 invito
1144 622 1359 701 grates
1390 605 1528 701 agit
1554 603 1708 678 inde
1745 605 2023 705 parenti.

567 725 826 796 Interea
853 719 1155 795 volucres
1189 721 1496 822 PyroeiS,
1531 722 1758 808 Eous,
1796 739 1863 795 et
1897 721 2153 796 AEthon
2175 778 2194 810 ,

471 836 648 911 Solis
678 837 862 937 equi,
898 854 1304 938 quartusque
1330 833 1678 932 Phlegon,
1713 835 2091 912 hinnitibus
2117 866 2309 912 auras

467 951 901 1028 Flammiferis
937 950 1256 1053 implent,
1291 950 1715 1052 pedibusque
1749 951 2063 1052 repagula
2094 951 2382 1067 pulsant.
2507 973 2599 1025 155·

473 1071 642 1165 Quae
672 1086 1027 1169 postquam
1059 1066 1351 1168 Tethys,
1385 1065 1724 1139 fatorum
1704 1096 1930 1162 ignara
1959 1070 2259 1170 nepotis,

472 1184 837 1287 Reppulit,
872 1202 940 1259 et
971 1182 1145 1258 facta
1174 1199 1275 1257 est
1305 1182 1612 1256 immensi
1646 1184 1839 1284 copia
1871 1184 2139 1273 mundi,

471 1302 869 1403 Corripuere
904 1300 1111 1387 viam,
1143 1297 1563 1399 pedibusque
1603 1326 1724 1430 per
1756 1327 1901 1373 aera
1928 1302 2132 1376 motis

469 1416 837 1491 Obstantes
869 1414 1135 1488 findunt
1168 1412 1478 1500 nebulas,
1514 1397 1885 1516 pennisque
1922 1414 2125 1490 levati

471 1532 880 1605 Praetereunt
914 1548 1098 1603 ortos
1131 1528 1367 1602 iisdem
1403 1528 1485 1602 de
1517 1529 1824 1630 partibus
1858 1531 2102 1604 Euros.
2517 1554 2604 1605 160

471 1710 701 1780 imagine
733 1708 1019 1761 verborum
1048 1707 1251 1760 emicat.
1289 1708 1433 1759 Edit.

543 1795 653 1845 151.
671 1792 859 1843 Daras.
887 1786 1056 1840 Codd.
1081 1785 1248 1839 nostri
1268 1785 1385 1839 RR.
1400 1788 1487 1838 le-

475 1889 573 1923 nes.
606 1868 676 1920 Et
706 1867 880 1920 forsan
904 1882 964 1917 ea
988 1874 1067 1917 est
1090 1881 1211 1915 vera
1239 1862 1411 1915 lectio.

542 1947 651 1999 153.
672 1946 872 1995 Interea
896 1944 1123 1994 wlucres
1137 1949 1233 1992 etc.
1262 1939 1366 1993 Alii
1392 1936 1489 1992 alia

474 2023 620 2094 equis
640 2020 894 2075 solaribus
923 2017 1143 2071 nomina
1168 2016 1489 2084 imponunt.

469 2102 574 2155 vid.
607 2099 803 2171 Hygia.
832 2097 933 2149 sab.
962 2096 1091 2160 183,
1116 2094 1293 2164 ibique
1320 2094 1494 2146 Mun-

470 2177 582 2232 lter.
599 2186 653 2230 et
669 2173 955 2245 Spanhem.
973 2171 1039 2226 ad
1066 2169 1273 2224 Gallim.
1295 2168 1347 2224 h.
1371 2168 1490 2222 Del.

481 2253 586 2320 169.
611 2251 718 2305 Pro
732 2245 1093 2319 flammiferas,
1140 2246 1327 2300 Burm.
1354 2244 1491 2298 male

474 2332 661 2403 probat
686 2328 943 2399 fmmfich.
992 2327 1130 2380 Loca
1171 2327 1235 2379 ab
1272 2344 1337 2378 eo
1369 2324 1495 2378 lau-

474 2410 631 2477 data,
671 2409 760 2461 ubi
771 2407 1040 2476 sumanles
1072 2410 1242 2467 laute,
1289 2415 1378 2458 aut
1395 2405 1498 2474 su-

474 2494 671 2544 manlia
701 2491 819 2555 equi
848 2493 1012 2553 terga,
1055 2482 1161 2537 huc
1182 2501 1293 2536 non
1319 2484 1496 2553 perti-

476 2577 646 2630 nent3
689 2563 874 2636 quidni
900 2561 1047 2633 equis
1070 2563 1249 2633 ignem
1274 2582 1498 2615 vomen-

475 2649 613 2701 tibus
638 2645 795 2717 (vers.
821 2645 916 2712 84,
949 2640 1066 2715 119)
1089 2653 1230 2698 recte
1256 2642 1498 2695 tribuan-

477 2739 565 2780 tur
592 2723 896 2795 stammeseri
928 2724 1156 2774 hinm'lus
1175 2724 1206 2774 ?

551 2808 658 2858 155.
694 2797 1044 2866 Flammfinlc.
1080 2799 1236 2852 Unus
1258 2797 1497 2851 Vatican.

478 2882 689 2937 Tbuan.
714 2891 767 2934 et
804 2876 1044 2932 Leidens.
1075 2893 1172 2946 pro
1204 2875 1346 2928 varia
1380 2874 1498 2928 lect.

462 2960 738 3030 sumaefice‘s,
769 2956 911 3027 quod
934 2956 1119 3010 Burm.
1154 2971 1265 3007 non
1291 2963 1495 3007 temere

478 3034 829 3104 abjiciendum
855 3043 1006 3103 putat
1024 3071 1038 3098 ,
1076 3030 1331 3101 quoniam
1338 3033 1499 3099 βοω-

479 3111 629 3180 mfir
654 3110 719 3163 de
743 3110 868 3164 calo
892 3109 1245 3179 similibusque
1275 3107 1376 3163 dici
1398 3126 1496 3180 so-

479 3191 584 3245 leat
602 3187 878 3256 ;sumfic125
909 3192 1178 3257 mugilibus
1201 3198 1377 3241 autem
1406 3205 1499 3240 oc-

479 3276 658 3321 currat
702 3264 811 3319 Vll
833 3305 847 3327 ,
906 3269 996 3334 114
1023 3287 1037 3330 ;
1069 3266 1342 3334 fiamanle'a
1384 3269 1507 3333 eqni

483 3354 623 3415 terga
638 3387 650 3406 ,
689 3342 846 3410 XIV,
871 3343 966 3396 362
986 3365 999 3406 ς
1026 3355 1080 3398 et
1087 3346 1350 3413 fumantes
1370 3350 1499 3396 tau-

481 3443 579 3485 ros,
601 3422 775 3475 vater.
802 3418 938 3473 Flac.
960 3417 1090 3486 Vll,
1107 3423 1217 3475 283.
1235 3450 1302 3462 —-
1319 3420 1499 3476 Nostri

487 3498 659 3554 Codd.
683 3500 802 3554 RR.
818 3537 834 3565 ,
853 3500 1197 3566 fhmmfgentr.
1227 3526 1293 3540 —
1313 3503 1498 3568 Bepa-

477 3584 599 3649 gula
616 3621 629 3642 ‚
654 3580 794 3649 ligna
819 3588 1107 3633 transversa
1124 3619 1136 3640 ,
1163 3579 1349 3648 quibus
1369 3579 1499 3633 ostia

486 3659 786 3713 firmantur.
841 3657 1152 3726 Sagittarius
1205 3656 1271 3711 de
1313 3658 1500 3713 Januis

484 3738 663 3801 vett„
687 3755 738 3804 p.
769 3738 860 3803 78,
888 3734 1130 3804 intelligit
1166 3734 1217 3787 h.
1248 3735 1280 3789 l.
1320 3735 1496 3805 ligna,

484 3812 670 3882 quihus
694 3811 815 3881 equi
838 3812 891 3864 in
915 3811 1125 3865 stabulis
1149 3810 1496 3878 distinemur,

484 3910 553 3944 ne
600 3889 759 3943 libere
806 3898 1082 3942 excurrant
1112 3907 1125 3941 :
1159 3887 1309 3941 male.
1358 3851 1498 3958 Equi

484 3968 629 4023 enim
652 3970 761 4037 iam
796 3966 959 4035 juncti
996 3975 1148 4019 erant
1184 3965 1397 4033 currui,
1444 3978 1500 4021 et

484 4066 607 4100 mox
647 4044 847 4118 Tethys
880 4044 965 4098 illa
998 4043 1241 4114 repagula
1280 4043 1497 4113 repellit.

481 4124 693 4182 Rectius
713 4123 950 4183 sentiunt
965 4162 981 4194 ,
1009 4123 1098 4194 qui
1122 4133 1309 4196 putant
1326 4163 1342 4193 ,
1365 4142 1500 4194 poe-

1584 1715 1693 1760 tam
1715 1707 1999 1777 respexisse
2015 1705 2079 1759 ad
2095 1726 2327 1763 carceres
2343 1709 2398 1764 in
2426 1709 2599 1765 Circo.

1656 1785 1763 1838 156.
1796 1786 1918 1851 Qun
1941 1792 2206 1855 postquam
2246 1789 2449 1858 Tethys.
2479 1787 2599 1841 Vid.

1587 1862 1652 1915 ad
1671 1881 1799 1916 vers.
1815 1863 1899 1936 59.
1913 1866 2214 1931 -Nepoletn
2239 1865 2446 1935 Nempe
2465 1864 2603 1937 Cly-

1586 1958 1744 1993 mene
1770 1938 1874 1993 filia
1899 1938 2134 2012 Tethyos
2158 1951 2211 1994 et
2235 1941 2454 1997 Oceani.

1661 2020 1767 2086 157.
1792 2018 1989 2069 Mundi.
2015 2019 2267 2081 Mundus,
2301 2019 2519 2087 celum,
2545 2031 2603 2074 ut

1589 2113 1739 2165 sepe.
1767 2094 1827 2149 ln
1852 2114 1963 2164 sqq.
1993 2096 2204 2148 numeri
2240 2096 2374 2150 bene
2398 2115 2602 2151 accom-

1591 2171 1790 2225 modati
1809 2183 1932 2226 sunt
1950 2191 2130 2226 cursus
2151 2173 2416 2227 celeritati.

1662 2250 1768 2303 158.
1804 2253 1979 2310 Visun,
2025 2247 2157 2316 iter,
2193 2255 2463 2318 corripere.
2507 2272 2604 2305 ce-

1591 2322 1770 2378 leriter
1783 2327 2041 2380 facere.—·
2053 2327 2302 2379 Emisere
2318 2328 2606 2382 excitantur

1591 2404 1698 2459 sole
1715 2406 1916 2459 oriente
1937 2427 1949 2469 ;
1975 2405 2094 2459 solis
2117 2406 2262 2459 enim
2284 2405 2607 2462 advenientis

1591 2483 1761 2538 calore
1787 2504 1875 2538 aer
1899 2496 2160 2539 movetur.

1663 2565 1769 2635 159.
1789 2564 2021 2615 Fi'ndunl.
2042 2560 2177 2616 cod.
2197 2563 2261 2616 R.
2278 2563 2338 2617 Β.
2353 2566 2603 2618 sctirdnael.

1594 2640 1658 2695 R.
1675 2641 1739 2693 A.
1758 2641 1887 2708 item
1903 2660 1932 2694 a
1946 2661 2022 2710 pr.
2042 2660 2109 2696 m.
2124 2641 2430 2712 Utrumque
2447 2642 2604 2706 bene3

1590 2737 1716 2771 nam
1736 2718 2013 2772 discrimen
2034 2719 2377 2790 interfindere
2394 2730 2448 2772 et
2467 2724 2609 2772 scin·-

1590 2800 1705 2851 ἄση·
1724 2797 1861 2852 haud
1886 2818 2155 2870 magnum.
2177 2799 2378 2855 Forsan
2405 2809 2609 2853 utrum·

1593 2894 1694 2944 que
1735 2895 1766 2929 a
1804 2878 2191 2946 permutatione
2226 2878 2499 2947 utriusque
2530 2876 2606 2930 li·—

1592 2955 1791 3023 teraes,
1818 2975 1877 3009 sc
1898 2957 2082 3010 oritur.
2119 2959 2218 3010 Ed.

1663 3032 1770 3086 160.
1810 3035 2116 3086 Pmteaeunt
2157 3035 2322 3086 Eums
2345 3072 2359 3094 ‚
2395 3033 2607 3103 proprie

1592 3109 1750 3179 accipi
1789 3119 1990 3180 potest,
2032 3130 2144 3165 non
2179 3109 2608 3181 proverbialiter,

1592 3184 1658 3238 de
1704 3186 1980 3252 celerrimo
2023 3187 2199 3241 volatu
2226 3227 2240 3250 ,
2290 3195 2351 3239 ut
2393 3187 2610 3256 putabat

1590 3264 1778 3319 Burm.
1816 3284 2120 3336 quanquam
2152 3264 2208 3318 id
2242 3264 2300 3317 in
2338 3264 2447 3318 aliis
2487 3264 2611 3319 locis

1590 3343 1728 3398 valet
1748 3383 1763 3411 ,
1798 3345 1888 3397 ubi
1921 3346 2043 3414 equi
2084 3344 2365 3397 hominum
2403 3343 2613 3398 descri-

1590 3422 1818 3487 buntur,
1847 3434 1908 3477 ut
1933 3423 2115 3494 Virgil.
2151 3423 2276 3477 AEn.
2310 3423 2449 3488 ΧΠ,
2474 3422 2573 3489 334
2592 3461 2608 3488 ,

1592 3502 1718 3568 345;
1761 3500 1944 3556 Manil.
1977 3500 2028 3550 V
2047 3539 2062 3568 ,
2102 3522 2198 3574 79;
2223 3512 2279 3557 et
2306 3520 2441 3572 sape
2470 3500 2610 3571 apud

1595 3579 1896 3634 Homerum
1917 3619 1932 3646 ,
1962 3579 2054 3648 qui
2076 3590 2255 3634 tamen
2281 3598 2444 3649 equos
2463 3599 2613 3634 nun-

1593 3675 1752 3726 quam
1787 3656 2058 3711 celeriores
2092 3658 2295 3727 ventis,
2333 3656 2425 3711 sed
2459 3676 2610 3728 eque

1591 3735 1784 3788 celeres
1820 3754 1879 3788 ac
1910 3746 2094 3789 ventos
2118 3736 2271 3802 facit,
2309 3735 2608 3806 quoniam,

1592 3811 1897 3866 observante
1916 3812 2089 3868 Schol.
2117 3812 2182 3866 ad
2201 3812 2345 3867 lliad.
2371 3823 2440 3880 K,
2471 3815 2608 3884 437:

1589 3901 1676 3945 Δνι
1632 3894 1765 3959 νίμου
1802 3901 1982 3948 θᾶσσον
2029 3916 2077 3947 ου
2059 3897 2169 3946 'Ima’
2221 3891 2358 3945 Vide
2386 3890 2608 3948 Valken.

1591 3967 1814 4022 Diatrib.
1835 3969 2015 4041 Eurip.
2031 3989 2080 4039 p.
2105 3987 2211 4039 ¹07·
2229 3968 2434 4022 Verum
2448 3967 2609 4024 bodie

1591 4047 1805 4116 quidem
1833 4048 1955 4116 equi
1989 4048 2195 4117 Anglici
2232 4048 2376 4104 venti
2407 4048 2605 4103 celeri-

1590 4133 1752 4179 tatem
1799 4123 1931 4179 adeo
1965 4135 2215 4196 superant
2249 4145 2262 4180 ς
2296 4125 2414 4182 vide
2447 4126 2606 4181 Bue-
