2975 4784
574 332 683 422 78.
1110 327 1190 392 P.
1254 325 1620 393 ov1n11
1673 325 2149 396 NAsoms

574 500 610 532 »
648 468 729 540 In
763 464 1017 539 facinus
1044 462 1296 562 jurasse
1326 480 1522 564 putes
1550 493 1566 536 τ
1597 463 1756 538 dent
1789 465 1976 540 ocius
2012 494 2246 540 omnes
2272 523 2291 555 ‚

580 616 613 646 »
655 583 845 679 Quas
876 607 1169 654 meruere
1199 581 1339 680 pati
1372 580 1511 677 (sic
1542 598 1674 654 stat
1703 582 2078 676 sententia)
2114 611 2369 685 poenas.
2409 616 2445 647 »

660 697 858 771 Dicta
888 699 933 769 J
937 695 1079 770 ovis
1104 724 1258 797 pars
1286 725 1444 772 voce
1478 698 1771 797 probant
1791 756 1809 785 ‚
1843 698 2293 801 stimulosque
2319 698 2564 774 furenti

566 813 942 912 Adjiciunt3
977 810 1090 886 alii
1117 829 1339 912 partes
1373 812 1764 888 adsensibus
1797 816 2100 916 implent.
2594 834 2686 904 245

565 931 690 1002 Est
719 946 935 1003 tamen
962 927 1238 1002 humani
1273 930 1531 1025 generis
1557 931 1810 1028 jactura
1837 931 2060 1006 dolori

571 1043 907 1118 Omnibus
936 1074 952 1116 ε
989 1060 1083 1131 et,
1124 1072 1272 1144 quae
1301 1045 1390 1118 sit
1419 1062 1636 1134 terrae,
1673 1046 2066 1121 mortalibus
2100 1049 2322 1135 orbae,

564 1162 804 1234 Forma
836 1157 1088 1247 sutura,
1122 1163 1415 1254 rogant?
1448 1162 1599 1259 quis
1633 1163 1722 1235 sit
1754 1160 2008 1238 laturus
2041 1163 2113 1236 in
2148 1193 2298 1238 aras

566 1278 800 1352 Tura?
831 1276 1070 1349 ferisne
1102 1292 1291 1375 paret
1321 1274 1738 1376 populandas
1771 1279 2024 1354 tradere
2055 1283 2324 1354 terras?

567 1392 755 1471 Talia
789 1409 1151 1494 quaerentes
1182 1392 1355 1488 (sibi
1393 1393 1571 1466 enim
1601 1392 1744 1468 sore
1777 1411 1988 1468 cetera
2017 1400 2247 1489 curae)
2600 1416 2689 1464 250

570 1510 713 1583 Rex
746 1510 1077 1610 Superum
1114 1508 1438 1610 trepidare
1470 1526 1678 1597 vetat,
1718 1508 2148 1610 sobolemque
2182 1512 2405 1611 priori

569 1621 975 1697 Dissimilem
1002 1623 1259 1725 populo
1296 1624 1636 1724 promittit
1673 1624 1928 1719 origine
1953 1625 2142 1698 mira.

667 1748 751 1818 V.
789 1749 1072 1846 Jamque
1107 1763 1247 1820 erat
1276 1747 1348 1819 in
1382 1764 1559 1821 totas
1594 1776 1944 1848 sparsurus
1980 1745 2266 1823 fulmina
2302 1767 2556 1834 terras;

574 1969 791 2025 Eadem
827 1979 953 2024 sunt
987 1972 1151 2024 Fim‘ae
1168 2010 1183 2033 ,
1240 1972 1546 2024 Eamusies
1567 2011 1584 2035 ‚

577 2053 843 2120 En'aenyes.
865 2050 966 2101 Ed.
1150 2069 1161 2084 ν

639 2127 750 2194 243.
779 2128 896 2181 Sta!
912 2131 1163 2180 sententia
1177 2165 1194 2194 ‚
1221 2137 1368 2180 certo
1393 2125 1589 2180 decre-

576 2215 691 2259 tum
715 2216 807 2259 est.
836 2204 993 2274 Apud
1027 2205 1179 2274 Virg.
1199 2204 1325 2258 AEn.
1358 2205 1384 2258 Ι
1402 2244 1418 2270 ,
1452 2205 1549 2258 582
1570 2244 1588 2269 ,

576 2282 766 2338 eodem
790 2293 945 2352 tropo
961 2321 977 2349 ,
1001 2288 1167 2350 snt-51?
1180 2289 1444 2336 sententia.

643 2363 755 2428 244.
789 2363 1010 2413 arenti.
1044 2360 1205 2413 Multi
1228 2360 1484 2428 frementi.
1521 2360 1594 2415 Et

578 2457 712 2507 sepe
736 2435 846 2490 haec
868 2436 974 2490 duo
999 2437 1213 2490 confusa
1235 2448 1409 2490 sunta
1432 2436 1594 2489 libra—

581 2519 668 2572 riis
687 2558 703 2584 ,
740 2517 932 2587 quippe
964 2516 1152 2570 similia
1175 2527 1229 2570 et
1256 2517 1511 2586 scriptura
1539 2525 1594 2569 et

579 2597 645 2648 vi.
668 2598 879 2649 Furenti
890 2613 1015 2648 cum
1039 2592 1325 2647 Gebhardo
1350 2593 1510 2662 Crep.
1535 2592 1590 2659 1,

584 2695 675 2741 ια,
712 2674 1006 2726 Burmann.
1041 2672 1267 2742 praetulit
1291 2711 1306 2738 ‚
1333 2672 1556 2724 maxime
1575 2711 1591 2737 ,

583 2753 703 2822 quia
728 2750 991 2806 Gunther.
1016 2751 1086 2804 11.
1127 2749 1302 2820 Ligur.
1338 2768 1467 2819 270,
1504 2748 1594 2802 ubi

585 2830 637 2883 h.
671 2831 702 2885 l.
727 2831 963 2884 imitatur
981 2868 997 2896 ‚
1036 2829 1107 2881 ita
1130 2827 1270 2898 legit.
1304 2828 1382 2881 lbi
1408 2827 1552 2880 enim
1580 2846 1593 2881 t

579 2915 800 2977 eramque
816 2909 1022 2976 furente·
1052 2909 1328 2977 Adjeaenmt
1345 2949 1359 2970 ‚
1404 2913 1596 2960 stirme-2

581 2990 750 3055 los-que
765 3008 953 3054 graves.
968 2990 1180 3040 —Pars
1181 3023 1258 3038 .....
1282 2990 1403 3048 alit,
1437 2986 1598 3039 etiam

584 3063 766 3116 solutae
789 3066 1036 3119 orationis
1066 3066 1341 3136 scriptores
1377 3076 1558 3119 amant
1582 3085 1596 3120 ε

587 3140 705 3195 vide
724 3139 872 3194 Cort.
886 3142 948 3195 ad
965 3143 1173 3198 Sallust.
1197 3141 1350 3198 Catil.
1367 3143 1451 3210 11,
1483 3164 1604 3196 1.—

599 3223 756 3282 Voce‚
784 3221 1018 3273 oratione
1041 3243 1054 3285 ;
1081 3223 1163 3275 alii
1188 3234 1370 3276 contra
1393 3222 1603 3275 oratio-

590 3317 717 3352 nem
764 3296 1077 3352 habentibus
1119 3306 1488 3360 assenlt'unlur,
1533 3308 1604 3352 ·ut

593 3375 707 3428 fieri
727 3374 923 3432 solebat
935 3374 991 3428 in
1008 3385 1193 3428 senatu
1214 3378 1461 3431 Romano
1477 3417 1493 3444 ‚
1513 3375 1604 3429 ubi

590 3452 777 3522 triplex
812 3450 1129 3506 assentiendi
1153 3455 1339 3509 modus
1360 3496 1374 3517 ,
1402 3454 1601 3519 verbis,

592 3542 728 3584 nutu
743 3542 798 3584 et
811 3529 1011 3584 sublata
1025 3548 1208 3598 manu,
1226 3533 1442 3600 pedibus
1459 3551 1471 3584 ε
1486 3532 1603 3585 vide

599 3607 748 3662 Cort.
771 3608 834 3662 ad
856 3607 1061 3662 Sallust.
1089 3607 1244 3663 Catil.
1258 3610 1334 3676 L·‚
1364 3612 1608 3677 4.-S!1'-·

595 3689 758 3739 mulos
765 3687 1004 3753 adjicere,
1024 3686 1187 3756 magis
1203 3687 1359 3742 etiam
1373 3689 1575 3740 irritare
1587 3727 1604 3755 ,

597 3763 904 3832 metaphora
925 3782 955 3816 a
977 3763 1144 3817 bubus
1162 3763 1334 3818 ducta.
1357 3767 1535 3816 Furere
1554 3777 1610 3818 et

581 3843 737 3910 furor
757 3840 965 3912 proprie
990 3839 1055 3893 de
1079 3841 1221 3894 iratis
1245 3860 1257 3894 :
1283 3840 1399 3894 vide
1422 3842 1608 3894 Burm.

600 3918 708 3975 Sed
733 3938 831 3973 nec
852 3916 938 3971 ina
961 3917 1209 3983 irritatio,
1236 3936 1337 3970 nec
1352 3918 1576 3971 formula
1591 3959 1608 3987 ,

600 4019 703 4070 qua
715 4015 949 4068 expressa
963 4006 1041 4050 est
1057 4036 1073 4064 ,
1099 3996 1220 4050 satis
1233 3995 1390 4066 digna
1399 3995 1613 4050 videtur

601 4078 747 4134 Jovis
773 4077 1058 4146 majestate.
1081 4102 1148 4116 —
1171 4076 1351 4129 Pedes
1375 4076 1608 4142 inplent,

1684 1971 1887 2025 addunt
1900 1991 1955 2026 se
1974 1972 2204 2043 partibus
2220 1974 2339 2042 eius
2354 1974 2577 2028 adsensu
2591 1989 2694 2025 suo.

1686 2049 1821 2115 Sed,
1844 2061 1902 2103 ut
1916 2050 1978 2104 fit
1995 2055 2014 2117 ‚'
2031 2062 2190 2104 restat
2207 2054 2487 2122 scrupulus
2502 2091 2518 2120 ,
2545 2067 2696 2121 quem

1684 2128 1780 2180 sibi
1798 2128 2136 2182 eximendum
2154 2130 2274 2183 Jovi
2296 2138 2621 2200 proponunt.
2637 2152 2700 2165 -

1686 2209 1791 2261 Est
1821 2214 1988 2260 lamen
2021 2210 2232 2260 bamam·
2255 2213 2459 2274 generis
2475 2209 2700 2274 jactura.

1689 2282 1885 2338 Scribit
1896 2285 2046 2338 Plato
2062 2285 2238 2336 omnia
2255 2282 2544 2335 hominurn
2558 2298 2703 2335 causa

1689 2372 1957 2430 procreata
1977 2383 1991 2422 ;
2025 2361 2263 2413 homines
2286 2371 2512 2427 propter
2528 2361 2673 2413 Deos
2689 2398 2702 2424 ‚

1692 2447 1750 2492 ut
1771 2438 1824 2491 hi
1859 2448 2265 2507 cognoscantur,
2304 2435 2371 2486 ab
2399 2436 2475 2487 eis
2501 2438 2708 2505 implo-

1689 2525 1877 2568 rentur
1898 2525 1952 2567 et
1973 2515 2224 2567 colantur.
2247 2513 2348 2565 Ed.

1757 2593 1867 2658 248.
1903 2597 2029 2657 Quis
2053 2597 2129 2643 si!
2149 2595 2343 2643 laturus
2374 2598 2478 2648 etc.
2517 2591 2710 2645 Priscis

1690 2668 2012 2738 temporibus
2043 2675 2160 2721 lum
2193 2667 2444 2722 nondum
2479 2669 2708 2724 adhibe-

1691 2746 1883 2799 bantur
1916 2746 1971 2798 in
2007 2745 2163 2800 sacris
2183 2786 2198 2812 ,
2252 2748 2449 2817 quippe
2489 2748 2668 2818 ignota
2689 2787 2704 2813 ,

1691 2825 1780 2879 sed
1805 2843 1988 2878 eorum
2005 2825 2252 2895 locosat:
2274 2826 2377 2879 vid.
2393 2827 2533 2881 Plin.
2552 2828 2624 2881 H.
2642 2828 2706 2881 N.

1692 2903 1858 2968 xm,
1882 2924 1901 2955 ι
1922 2925 1936 2966 ;
1950 2904 2152 2957 Arnob.
2162 2925 2206 2957 c.
2217 2902 2419 2959 Gentes
2435 2944 2452 2970 ,
2465 2905 2554 2958 lib.
2567 2905 2673 2957 v11
2685 2941 2700 2968 ‚

1693 3001 1741 3050 p.
1779 2981 1869 3034 231
1908 3000 2021 3050 sqq.
2053 2981 2238 3051 Itaque
2262 2981 2488 3036 Ovidius
2512 2983 2565 3035 h.
2591 2981 2622 3034 Ι.
2648 2989 2704 3033 ut

1692 3077 1825 3129 sepe
1845 3098 1861 3125 ‚
1901 3078 1964 3132 ,ει
1990 3078 2140 3113 more
2171 3078 2277 3113 suae
2306 3060 2469 3114 etatis
2505 3061 2702 3113 locutus

1696 3146 1789 3190 est.
1823 3136 2046 3192 Phrases
2065 3137 2326 3192 solemnes
2353 3147 2479 3190 sunt
2501 3141 2622 3189 dare
2649 3143 2701 3186 et

1680 3216 1822 3285 serre
1846 3224 1928 3271 lus
1949 3238 1966 3271 .·
1988 3217 2092 3271 vid.
2116 3218 2345 3271 Brisson.
2367 3216 2433 3271 de
2456 3219 2633 3271 Form.
2651 3215 2699 3276 1,

1696 3313 1810 3365 pag.
1838 3300 1918 3350 25.

1766 3376 1879 3444 249.
1916 3377 2110 3427 Terras.
2139 3376 2326 3428 Geaeles
2346 3394 2449 3445 pro
2470 3383 2624 3428 let-ms
2645 3387 2702 3421 ex

1700 3454 1732 3517 4
1767 3452 1926 3505 MSS.
1963 3451 2108 3505 dedit
2162 3453 2344 3506 Burm.
2391 3454 2704 3506 probaverat

1702 3542 1756 3585 et
1790 3531 2104 3601 Zinzerling.
2133 3532 2393 3586 Promuls.
2427 3552 2509 3603 cp.
2542 3534 2620 3583 51.
2641 3552 2702 3567 --

1703 3610 1961 3664 Revocavi
1982 3618 2175 3677 terram
2198 3629 2308 3663 non
2334 3611 2481 3664 enim
2504 3610 2585 3663 hic
2600 3647 2615 3674 ‚
2648 3614 2704 3656 ut

1703 3689 1887 3742 Burm.
1903 3690 2144 3759 putabat,
2163 3689 2227 3743 de
2241 3710 2394 3760 poena
2408 3707 2586 3744 sermo
2601 3696 2700 3748 est,

1704 3785 1806 3838 qua
1822 3775 1972 3835 pare!
1989 3768 2023 3821 i.
2039 3788 2086 3822 e.
2100 3768 2222 3822 velit
2235 3768 2531 3821 humanum
2551 3780 2704 3837 genus

1703 3845 1924 3917 perdere
1945 3868 1958 3910 ;
1984 3845 2074 3899 sed
2096 3885 2111 3911 ,
2136 3865 2252 3915 quae
2276 3848 2447 3899 forma
2469 3855 2606 3898 tem·
2625 3841 2706 3893 su·

1705 3935 1823 3977 tura
1845 3925 1945 3991 sit,
1970 3924 2246 4003 quaeritur,
2276 3922 2458 3977 deletis
2482 3916 2706 3974 homini-

1704 4000 1816 4055 bus.
1839 4030 1906 4044 —-
1937 4004 2225 4068 rapuere,
2257 4001 2497 4055 sollicitos
2522 4016 2642 4051 esse.

1775 4078 2022 4144 253-415.
2040 4080 2256 4146 Jamque
2266 4084 2444 4132 eratin
2461 4084 2597 4131 lotas
2613 4082 2704 4126 etc·
