2975 4784
493 408 576 472 52

1050 405 1129 468 P.
1185 402 1539 472 OVIDII
1590 402 2056 472 NASONIS

487 548 790 642 Quarum
825 570 969 645 quae
1003 542 1218 617 media
1251 561 1387 629 est,
1419 573 1560 618 non
1590 563 1692 619 est
1719 544 2105 619 habitabilis
2138 563 2300 620 aestu
2329 575 2347 619 ε

483 663 615 737 Nix
650 662 816 758 tegit
843 660 975 737 alta
1008 662 1211 749 duas;
1246 660 1525 736 totidem
1556 660 1729 736 inter
1758 679 2104 763 utramque
2135 660 2378 737 locavit
2398 718 2418 752 ‚
2546 685 2614 736 50

481 779 1028 879 Temperiemque
1061 776 1282 866 dedit,
1322 777 1528 851 mixta
1557 806 1706 852 cum
1740 776 1983 874 frigore
2017 780 2292 854 flamma.

480 898 791 973 Imminet
817 896 925 971 his
955 925 1102 984 aer,
1137 895 1285 996 qui,
1321 912 1573 995 quanto
1610 913 1712 969 est
1740 894 2034 996 pondere
2062 913 2247 969 terrae
2309 912 2314 915 “

478 1013 753 1087 Pondus
787 1039 973 1112 aquae
1004 1009 1246 1097 levius,
1282 1027 1469 1083 tanto
1503 1027 1605 1083 est
1639 1009 1984 1084 onerosior
2014 1010 2172 1106 igni.

477 1128 625 1203 Illic
659 1146 728 1204 et
757 1126 1071 1216 nebulas,
1107 1125 1243 1200 illic
1279 1125 1640 1201 consistere
1673 1125 1889 1199 nubes

475 1244 724 1334 Jussit,
762 1263 830 1319 et
859 1243 1180 1317 humanas
1213 1259 1476 1315 motura
1503 1240 1801 1316 tonitrua
1833 1260 2123 1332 mentes,
2550 1267 2619 1318 55

473 1365 568 1438 Et
601 1391 751 1437 cum
775 1359 1169 1435 fulminibus
1200 1357 1514 1432 facientes
1541 1356 1792 1452 frigora
1821 1374 2084 1431 ventos·

475 1478 603 1553 His
641 1506 909 1579 quoque
947 1505 1085 1551 non
1114 1474 1361 1577 passim
1397 1471 1628 1547 mundi
1660 1471 2022 1546 fabricator
2052 1471 2436 1548 habendum

475 1603 650 1675 Aera
682 1598 984 1701 permisit
1011 1627 1028 1670 ε
1058 1597 1165 1669 vix
1196 1625 1374 1669 nunc
1412 1593 1769 1669 obsistitur
1799 1592 1933 1667 illis
1953 1651 1972 1682 ‚

476 1723 707 1820 Quum
737 1748 856 1793 sua
886 1717 1170 1819 quisque
1204 1734 1438 1813 regant
1471 1716 1732 1791 diverso
1760 1716 2024 1790 flamina
2057 1734 2269 1792 tractu
2288 1775 2308 1806 ‚

475 1842 661 1940 Quin
696 1840 945 1915 lanient
975 1839 1339 1929 mnndum;
1375 1856 1561 1914 tanta
1595 1857 1696 1913 est
1727 1838 2060 1914 discordia
2094 1839 2414 1914 fratrum!
2556 1865 2627 1917 60

472 2052 746 2109 sonantius
763 2062 816 2105 et
832 2049 1131 2120 exquisitius
1142 2088 1159 2116 ‚
1174 2067 1333 2119 quam
1346 2054 1493 2114 sun!‚·

475 2150 602 2185 nam
615 2135 782 2199 premi
798 2129 1065 2199 eleganter
1083 2128 1359 2193 dicuntur,
1378 2145 1497 2197 que

476 2210 670 2264 finibus
704 2208 900 2263 inclusa
923 2218 1064 2261 sunt.
1089 2206 1274 2277 virgil.
1300 2205 1496 2277 Georg.

480 2289 540 2356 Ι,
568 2289 695 2341 235:
723 2306 868 2340 sonae
888 2289 1166 2339 trahuntur.

540 2369 620 2439 49.
639 2367 756 2419 Non
770 2371 852 2418 esl
861 2360 1160 2418 habitabile}
1176 2373 1274 2416 etc.
1288 2364 1495 2433 Nempe

477 2465 540 2499 ex
569 2443 820 2514 opinione
867 2444 1129 2496 Veterum
1152 2480 1168 2505 ,
1214 2440 1303 2507 qui
1339 2459 1496 2492 sonas

473 2521 685 2592 frigidas
715 2540 827 2574 non
864 2521 1042 2573 minus
1068 2558 1083 2584 ‚
1126 2535 1286 2585 quam
1323 2515 1491 2567 torri-

476 2600 602 2653 dam
619 2640 635 2666 ‚
660 2598 843 2652 incolis
866 2598 1019 2651 orbas
1046 2593 1297 2665 putabant
1321 2610 1334 2642 ε
1371 2590 1490 2642 vide

477 2681 686 2734 Lucret.
710 2678 761 2730 V
781 2717 797 2742 ,
838 2681 965 2738 ²⁰53
998 2671 1179 2740 Virgil.
1201 2668 1394 2738 Georg.
1429 2667 1456 2720 1
1474 2706 1491 2734 ,

481 2760 575 2828 ²³7
596 2778 663 2823 s.‚
683 2766 738 2809 et
761 2755 931 2809 Macr.
953 2751 1137 2805 Somn.
1155 2745 1292 2814 Scip.
1309 2745 1363 2797 11
1380 2785 1395 2807 ‚
1424 2748 1454 2799 5
1473 2785 1490 2814 ,

477 2836 580 2889 late
606 2833 672 2887 de
699 2833 796 2886 hac
827 2850 886 2883 re
910 2827 1280 2896 disputantem.

544 2916 626 2964 50.
644 2912 929 2976 Utramque.
939 2899 1198 2958 Revocavi
1210 2906 1467 2972 utramque
1475 2943 1490 2965 ,

479 2990 601 3059 quia
626 2995 882 3053 utrumque
905 3000 1017 3036 non
1045 2979 1145 3033 nisi
1176 2978 1285 3032 duo
1310 2980 1498 3036 Leidd.

476 3065 674 3119 habent
685 3101 702 3129 ,
719 3071 774 3114 et
789 3078 926 3113 unus
943 3076 1040 3128 pro
1057 3056 1200 3111 varia
1213 3057 1329 3112 lect.
1349 3058 1494 3111 unde

473 3138 728 3194 adsumsit
745 3137 933 3191 Burm.
952 3135 1248 3206 singularia
1267 3154 1379 3189 non
1397 3134 1497 3189 ad-

476 3218 735 3275 mittenda
752 3227 877 3271 sunt
892 3257 907 3285 ,
928 3217 1030 3271 nisi
1048 3216 1219 3271 codd.
1233 3236 1494 3272 consensu

477 3300 533 3354 id
557 3299 809 3369 exigente.

545 3383 624 3433 δι.
648 3380 881 3430 musmo
894 3417 911 3439 ,
939 3375 1140 3446 poetice
1157 3394 1256 3446 pro
1271 3374 1460 3429 calore.

544 3464 622 3514 52.
645 3460 879 3511 Imminet
887 3496 902 3518 ‚
948 3456 1377 3525 superimpositus
1399 3466 1494 3511 est.

478 3536 550 3591 Et
566 3536 810 3590 viciniam
838 3545 890 3588 et
914 3534 1152 3588 altiorem
1180 3535 1340 3589 situm
1367 3534 1419 3589 h.
1442 3555 1494 3590 v,

478 3613 688 3668 indicat.
720 3641 787 3654 -
810 3612 1015 3681 Vulgo,
1041 3617 1156 3680 qui.
1195 3620 1383 3682 quanto
1415 3621 1500 3667 est

467 3694 685 3759 pondere
704 3700 849 3744 terra·
860 3731 875 3754 ,
920 3693 1147 3744 Pondere
1164 3710 1308 3759 aque
1327 3694 1494 3745 levior.

479 3767 587 3825 Sed
611 3769 834 3822 alterum
859 3787 889 3821 e
910 3767 1044 3821 Cod.
1067 3779 1365 3837 pervetusto
1377 3786 1494 3837 pro-

476 3848 598 3903 tulit
612 3845 815 3915 Const„
830 3846 1056 3900 Fanens.
1069 3856 1123 3899 et
1125 3848 1327 3913 pondus
1336 3850 1496 3900 levius

479 3934 772 3998 agnoscunt
803 3923 963 3977 etiam
986 3934 1225 3992 excerpta
1259 3922 1494 3978 vatican.

485 4003 762 4059 calandrae
779 4042 794 4069 ,
820 4020 1124 4072 quanquam
1148 4001 1205 4053 in
1234 4000 1313 4054 his
1332 4001 1494 4056 etiam

478 4106 616 4156 aqna
642 4085 915 4149 scribitur,
958 4081 1102 4152 quod
1129 4092 1372 4151 argutum
1404 4082 1496 4134 vi·-

482 4162 705 4218 debatur
726 4161 962 4218 Heinsio.
994 4162 1280 4214 vetustum
1306 4164 1498 4228 &niet

1593 2048 1790 2103 Medic.
1827 2050 2039 2104 Bonon.
2079 2058 2136 2104 et
2177 2048 2379 2104 strom
2417 2053 2624 2123 accepit

1594 2128 1952 2183 Burmannus.

1662 2210 1740 2275 54.
1780 2208 2075 2261 Consisleae.
2099 2206 2285 2261 Heius.
2315 2205 2463 2260 malit
2481 2225 2622 2262 con-

1595 2291 1772 2341 eidem.
1798 2288 1958 2341 Male.
1979 2315 2047 2328 —
2072 2289 2380 2350 consistere,
2411 2287 2622 2358 colligi,

1595 2365 1722 2417 oriri
1736 2404 1753 2432 ,
1782 2374 2073 2430 συνίςασθαι
2088 2404 2103 2430 ,
2134 2375 2225 2418 aut
2244 2364 2531 2416 immorari.
2550 2394 2622 2406 —

1593 2442 1811 2493 Aletum.
1844 2442 1985 2493 Alias
2004 2448 2181 2492 lemn
2193 2440 2405 2506 Jupiter
2424 2437 2619 2493 dicitur

1592 2514 1903 2568 fulminibus
1915 2527 2005 2569 aut
2028 2514 2245 2569 tonitru..
2263 2539 2331 2553 —-
2345 2516 2617 2570 Facientes

1573 2591 1802 2659 sn'eora,
1824 2603 1883 2645 ut
1897 2593 2034 2662 apud
2048 2592 2194 2663 Virg'.
2208 2591 2437 2663 GeorgJ
2448 2632 2465 2662 ,
2483 2593 2583 2648 352
2594 2637 2610 2657 ,

1588 2677 1794 2738 egentes
1802 2670 2007 2738 [τίσω-α
2027 2677 2178 2724 unii.

1659 2750 1738 2817 57.
1763 2751 1967 2803 Possm
1983 2791 1997 2810 ‚
2028 2749 2141 2804 sine
2165 2749 2352 2806 ordine
2375 2761 2433 2807 et
2458 2752 2575 2824 lege
2593 2794 2612 2821 ‚

1591 2836 1652 2881 ut
1675 2825 1892 2896 quisque
1915 2827 2078 2897 spiret
2093 2867 2111 2895 ‚
2138 2828 2281 2882 unde
2302 2829 2443 2884 velit.
2468 2829 2610 2884 Vide

1590 2904 1993 2973 Burmannum,
2019 2905 2083 2959 ad
2118 2908 2456 2978 Quintilianli
2480 2910 2606 2965 De·-

1589 2985 1740 3039 dam.
1777 2986 1884 3054 IV,
1918 2988 1992 3041 13.
2013 3016 2081 3029 —
2109 2991 2435 3053 Habonium,
2472 3009 2608 3060 pos-

1588 3062 1870 3118 sidendum
1883 3105 1900 3133 ,
1916 3065 1999 3119 vel
2013 3066 2320 3137 agitandum
2336 3088 2350 3123 z
2366 3068 2608 3123 similiter

1591 3160 1740 3212 graec·
1764 3148 1904 3211 ῒχην.

1655 3222 1736 3292 59.
1766 3227 1975 3288 Quum...
1992 3229 2184 3285 tractu,
2204 3243 2370 3294 quum
2384 3225 2605 3296 quisque

1589 3316 1652 3350 ex
1676 3296 1877 3353 diversa
1901 3300 2116 3370 regione
2139 3300 2232 3354 flat
2249 3342 2265 3369 ‚
2293 3314 2352 3355 ut
2381 3305 2606 3358 Homer.

1590 3374 1697 3429 Od.
1724 3375 1795 3443 V,
1811 3381 2004 3451 395-
2019 3381 2224 3447 Regna!
2246 3400 2344 3433 sua
2353 3384 2573 3450 flamina
2585 3424 2599 3447 ‚

1589 3462 1841 3523 tanquam
1865 3474 2100 3524 personae
2127 3472 2141 3506 :
2166 3462 2387 3527 lane'eael,
2422 3461 2603 3530 gravi-

1591 3543 1700 3598 ter,
1724 3553 1821 3604 pro
1845 3534 2191 3606 disrumpant.

1654 3612 1739 3665 fio.
1753 3615 1997 3667 lemm.
2013 3615 2193 3669 Habiti
2204 3629 2332 3671 sunt
2349 3616 2532 3671 Astrci
2549 3628 2604 3672 et

1591 3693 1814 3746 Auroroe
1837 3692 1944 3746 filii.
1972 3692 2190 3748 Hesiod.
2219 3694 2321 3747 Th.
2344 3695 2457 3764 378.
2493 3695 2605 3750 sed

1590 3770 1784 3827 Noster
1811 3771 1960 3825 omni
1992 3770 2044 3825 h.
2079 3772 2112 3825 l.
2145 3771 2468 3844 mythologia
2499 3793 2599 3828 ne-

1591 3848 1753 3919 glecta
1776 3889 1790 3911 .
1827 3868 2008 3903 rerum
2042 3861 2287 3904 naturam
2327 3851 2600 3920 sequitui-3

1588 3927 1763 3998 itaque
1789 3928 1889 3982 hoc
1912 3929 2129 3982 nomine
2152 3946 2495 3982 communem
2511 3948 2600 3998 po·

1590 4005 1692 4059 tius
1725 4017 2008 4060 ventorum
2041 4017 2286 4060 naturam
2323 4006 2601 4076 respexisse

1589 4082 1813 4137 videtur.
1850 4086 2089 4138 Positum
2112 4096 2290 4138 autem
2312 4085 2468 4138 estin
2498 4083 2600 4139 hoe

1590 4159 1994 4230 epiphonemate
2016 4179 2139 4215 cum
2163 4162 2369 4215 virtute.
