2975 4784
537 344 670 429 504

1089 344 1167 410 P.
1221 343 1581 411 OVIDII
1637 341 2079 410 NASONIS

533 484 661 559 Hic
696 509 822 582 ope
854 481 1309 582 Nympharum
1341 481 1643 557 sublatus
1675 485 1746 556 in
1779 510 1927 555 aera
1958 480 2191 580 pennis
2211 536 2230 568 ‚

533 600 760 696 Quum
793 598 1006 693 gravis
1043 597 1264 673 infuso
1300 597 1497 674 tellus
1525 598 1699 673 foret
1730 597 1971 671 obruta
1997 612 2209 697 ponto
2230 651 2250 683 ,

2542 614 2641 667 355

526 712 1003 788 Deucalioneas
1035 714 1275 812 effugit
1311 714 1667 819 inobrutus
1698 712 1930 786 undas.

535 827 823 903 AEoliam
863 831 1139 904 Pitanen
1169 860 1211 905 a
1238 830 1396 904 lava
1424 847 1610 931 parte
1642 828 1999 929 relinquit,

533 945 860 1047 Factaque
891 945 970 1019 de
1001 975 1158 1021 saxo
1196 946 1384 1042 longi
1417 944 1762 1020 simulacra
1797 944 2149 1019 draconis·
2133 1001 2150 1032 ,

540 1060 917 1163 Idaeumque
947 1091 1216 1149 nemus3
1255 1092 1423 1164 quo,
1456 1062 1595 1136 nati
1626 1060 1842 1147 furta,
1873 1061 2221 1159 juvencum

540 1176 857 1251 occuluit
889 1179 1089 1252 Liber
1114 1178 1260 1251 falsi
1295 1178 1467 1253 sub
1447 1179 1730 1274 imagine
1765 1175 1979 1262 cervi;

542 1292 827 1394 Quaque
861 1313 1048 1395 pater
1078 1294 1356 1396 Corythi
1396 1323 1594 1395 parva
1627 1290 1986 1366 tumulatus
2018 1316 2214 1363 arena
2243 1317 2261 1376 ς

545 1409 637 1481 Et
671 1437 843 1508 quos
874 1411 1075 1483 Μαι-ιι
1103 1438 1277 1483 novo
1310 1408 1553 1484 latratu
1589 1407 1825 1482 terruit
1856 1434 2050 1502 agros
2082 1433 2100 1492 ;

545 1528 998 1630 Eurypylique
1028 1532 1300 1617 urbem,
1334 1561 1464 1632 qua
1499 1531 1655 1605 Coae
1688 1558 1936 1605 cornua
1966 1544 2208 1601 matres

555 1650 918 1725 Gesserunt
939 1708 957 1740 ,
993 1670 1134 1726 tum
1169 1682 1374 1753 quum
1409 1652 1769 1727 discederet
1800 1647 2107 1724 Herculis
2140 1673 2376 1742 agmen
2404 1673 2423 1733 ;

555 1773 1040 1875 Phoebeamque
1074 1774 1402 1863 Rhodon,
1431 1792 1498 1850 et
1528 1774 1805 1877 Ialysios
1836 1771 2223 1856 Telchinas,

2563 1785 2653 1836 365

614 1987 726 2054 354.
748 1989 983 2041 Sublata
998 1994 1051 2042 iu
1066 2009 1186 2043 acra
1198 1996 1380 2058 penult
1391 2001 1561 2060 potest
1652 1989 1960 2060 suspicatur,
1973 1987 2057 2042 hic
2070 1986 2136 2039 de
2154 1985 2376 2039 Hecuba
2392 1983 2491 2053 agi,
2506 2000 2660 2052 prop·

553 2066 940 2120 circumlocutio
955 2068 1088 2123 illius
1106 2071 1342 2124 scarabaei
1360 2090 1483 2123 esse.
1496 2098 1563 2110 —

558 2148 771 2207 Gravia
790 2144 924 2197 Rod.
946 2148 1029 2199 die
1047 2165 1210 2213 gance
1224 2149 1373 2199 Erde.
1401 2146 1565 2216 Equi-

555 2217 677 2271 dem
704 2220 1020 2289 interpretor
1043 2221 1421 2290 ponderosam;
1456 2242 1566 2291 op-

553 2298 770 2368 ponitur
789 2298 931 2351 enim
955 2300 1001 2352 ei
1020 2340 1035 2365 ,
1059 2301 1146 2369 qui
1170 2298 1354 2370 pennis
1369 2300 1568 2354 tollitur

557 2375 615 2426 in
638 2394 756 2428 aera
773 2414 789 2440 ,
814 2376 937 2429 levis
961 2376 1154 2446 pendet
1177 2378 1229 2428 in
1252 2397 1370 2430 aere
1387 2417 1401 2443 ,
1426 2377 1567 2431 levi-

557 2462 663 2506 tate
684 2472 776 2506 sua
803 2454 984 2524 effugit
1007 2454 1386 2524 periculum.-
1404 2457 1568 2509 Obm-

558 2536 629 2581 Ia.
645 2570 657 2582 .
673 2568 686 2581 .
709 2534 980 2591 inobrutus,
1006 2541 1063 2584 ut
1078 2530 1212 2586 VIII
1229 2572 1244 2600 ,
1271 2533 1393 2600 844,
1419 2537 1572 2588 Atte-

559 2616 756 2662 nuat-al.
771 2651 782 2662 .
799 2651 811 2663 .
835 2614 1167 2665 inattenuata.

626 2687 737 2739 358.
789 2687 956 2755 Longe·
986 2692 1258 2742 sehulacm
1297 2694 1567 2753 drea-ouh

560 2762 800 2835 intelligit
835 2765 1076 2837 Micyllus
1109 2766 1351 2820 Lesbium
1382 2771 1575 2820 draco-

561 2862 704 2906 nem,
741 2844 889 2912 cujus
912 2845 1068 2898 etiam
1095 2846 1171 2900 XI
1189 2886 1205 2914 ,
1240 2847 1304 2899 58
1322 2884 1337 2913 ,
1371 2848 1575 2899 mentio

563 2919 642 2971 fit.
678 2949 745 2959 —
778 2921 953 2973 Libere·
977 2929 1149 2976 nalum
1164 2963 1176 2983 ‚
1218 2922 1540 2994 Thyoneum
1558 2962 1574 2988 ,

567 2996 810 3069 Phrygiis
833 2999 1120 3068 pastoribus
1144 3000 1427 3068 juvencum
1453 2999 1581 3053 abe-

572 3075 701 3146 gisse
726 3077 883 3130 tradit
902 3076 1062 3147 glossa
1083 3076 1289 3131 Codicis
1316 3077 1580 3131 Menardi.

637 3152 750 3204 361.
775 3156 929 3207 Pater
951 3155 1158 3227 Corythi
1169 3155 1266 3209 suit
1285 3155 1430 3210 Paris
1446 3176 1460 3209 ε
1476 3156 1581 3209 vid.

573 3228 877 3285 Parrhasius
889 3230 953 3287 ad
969 3230 1320 3286 Claudianum
1332 3273 1348 3300 ,
1369 3233 1523 3303 Rapt.
1535 3234 1578 3300 1,

580 3325 764 3378 199-
785 3309 1076 3362 Tumulatus
1089 3351 1103 3372 ,
1122 3311 1351 3380 sepultus
1364 3350 1379 3377 ,
1398 3310 1585 3364 condi-

575 3394 660 3437 tus
695 3394 785 3437 est.
815 3412 880 3425 —
911 3386 1083 3439 Mera.
1114 3387 1308 3457 Regius
1346 3388 1586 3458 intelligit

575 3462 799 3514 Moeram
815 3501 829 3528 ,
850 3462 979 3516 Icari
998 3482 1201 3530 canem,
1224 3485 1338 3533 que
1355 3465 1582 3530 Icarum,

578 3557 607 3589 a
642 3539 839 3591 rusticis
877 3539 1059 3594 Atticis
1091 3541 1461 3608 intersectum,
1499 3543 1586 3595 la-

583 3623 720 3667 tratu
742 3633 838 3667 suo
862 3615 1105 3669 indicavit
1120 3657 1134 3683 ,
1160 3630 1212 3672 et
1230 3620 1442 3688 posthac
1463 3640 1586 3674 cum

581 3688 797 3742 domiuo
817 3709 912 3743 suo
938 3692 1076 3746 inter
1100 3694 1268 3748 sidera
1291 3697 1451 3751 relata
1481 3708 1586 3752 est.

585 3766 859 3834 Hyginus,
894 3770 1063 3825 sabula
1092 3776 1217 3835 150;
1240 3772 1412 3828 Sebol.
1438 3776 1589 3830 Ger-

584 3844 771 3895 manici
798 3845 861 3896 ad
893 3844 1131 3916 Canem,
1157 3870 1208 3940 p.
1239 3853 1342 3903 128.
1368 3852 1474 3907 Sed
1500 3856 1589 3909 vi-

586 3913 740 3965 detur
762 3916 870 3972 hec
891 3922 1054 3977 Maera
1069 3927 1237 3994 potius
1253 3925 1419 3994 puella
1434 3930 1587 3993 fuisse

585 3989 642 4040 in
670 4006 851 4043 canem
879 4014 1041 4050 versa.
1074 4001 1162 4053 sie
1186 4001 1341 4054 etiam
1370 4001 1590 4059 Lactan-

588 4066 731 4128 tius,
776 4065 832 4118 iu
869 4070 1214 4139 Argumeuto.
1253 4076 1589 4138 Burmannus

1657 2065 2661 2133 terX111,405;1!aeraeautemnomen

1658 2146 2041 2200 intrusumesse
2061 2162 2156 2213 pro
2169 2143 2300 2207 alio,
2326 2160 2435 2211 quo
2452 2140 2665 2194 Hecuba

1658 2222 2071 2293 significaretur;
2101 2220 2301 2272 variare
2331 2219 2477 2271 enim
2510 2216 2665 2269 MSS.

1660 2302 1889 2360 -Νονο,
1923 2298 2184 2351 inusitato.
2205 2324 2272 2336 -
2304 2299 2513 2348 Terruit.
2538 2292 2667 2346 Vide

1662 2375 1728 2429 ad
1753 2377 2064 2444 XI11,406.

1729 2454 1840 2507 363.
1868 2456 2199 2524 Eurypylir
2135 2473 2199 2505 ur
2196 2456 2327 2513 ben,·
2360 2448 2527 2503 Goon.
2550 2449 2671 2502 Ho-

1664 2549 1794 2584 mer.
1834 2529 1891 2583 Il.
1926 2531 2006 2594 B,
2045 2530 2184 2600 577,
2230 2539 2367 2592 Rau,
2403 2531 2674 2602 Eufmlm

1666 2613 1807 2662 πόλιν.
1838 2608 1959 2662 Fuit
1986 2568 2068 2660 bic
2101 2568 2398 2679 Eurypylus
2436 2604 2677 2658 Herculis

1668 2684 1833 2752 filius,
1867 2684 1988 2754 qui,
2026 2694 2173 2753 capta
2195 2684 2277 2736 illa
2304 2685 2465 2749 urbe,
2494 2682 2682 2735 ibire·

1670 2766 1859 2835 gnavit-
1899 2768 2010 2818 Coe
2041 2775 2221 2818 autem
2245 2764 2492 2816 muliera
2518 2780 2681 2831 quum

1669 2846 1893 2898 sormam
1915 2861 2066 2896 suam
2084 2841 2432 2912 pratulissent
2449 2840 2645 2893 Veneri
2665 2877 2680 2904 ,

1671 2924 1727 2977 in
1749 2942 1926 2975 vaccas
1949 2932 2161 2975 mutata
2176 2932 2304 2975 sunt
2324 2940 2340 2974 ι
2357 2919 2683 2985 lactantius,

1674 3000 1729 3053 in
1746 2999 2019 3068 Argumen
2027 3009 2095 3050 to.

1737 3076 1849 3131 365.
1875 3079 2163 3135 Phaebeam,
2191 3073 2314 3144 quia
2334 3073 2561 3127 Rhodus
2580 3071 2686 3126 soli

1672 3171 1842 3219 saera,
1870 3153 2018 3221 cujus
2039 3152 2195 3205 radiis
2218 3170 2497 3220 nunquam
2516 3168 2686 3203 carere

1676 3229 1978 3284 dicebatur:
2003 3228 2105 3281 vid.
2133 3228 2451 3294 Lambinus,
2483 3226 2689 3280 adHo-
2782 3270 2805 3297 ,

1675 3307 1865 3361 ratium
1887 3347 1901 3373 ,
1928 3309 1989 3374 I,
2016 3305 2122 3362 od.
2147 3322 2262 3372 vu,
2295 3326 2337 3360 1.
2362 3333 2431 3347 -
2457 3308 2687 3375 Ialysus,

1677 3404 1782 3437 una
1818 3405 1879 3438 ex
1914 3385 2074 3447 tribus
2110 3383 2490 3453 antiquissimis
2520 3380 2691 3436 Rhodi

1680 3463 1889 3517 urbibus
1905 3503 1920 3530 ,
1937 3464 2001 3516 ab
2018 3462 2206 3535 Ialyso,
2232 3461 2373 3516 Solis
2385 3473 2579 3531 nepote
2594 3500 2609 3527 ,
2627 3460 2692 3514 sie

1679 3541 1814 3595 dicta
1834 3541 2059 3596 :Strabo
2075 3581 2091 3608 ,
2115 3540 2272 3606 xlv,
2296 3561 2349 3611 p.
2371 3541 2569 3595 655.--
2586 3540 2698 3592 Te!-

1679 3622 1857 3673 cbiaas
1892 3617 2143 3673 Rhodum
2179 3618 2460 3672 incoluisse
2498 3628 2697 3671 eertum

1680 3708 1757 3752 est
1773 3739 1789 3765 ,
1827 3717 2129 3769 quanquam
2162 3717 2275 3752 non
2304 3699 2430 3753 satis
2467 3707 2696 3759 constat,

1681 3776 1823 3829 unde
1838 3775 2100 3842 venerint,
2116 3787 2207 3829 aut
2217 3795 2498 3846 quorsum,
2514 3772 2697 3828 Rhodo

1681 3854 1889 3920 relicta,
1925 3854 2283 3922 migraverint.
2316 3853 2456 3908 Vide
2488 3849 2697 3907 meursii

1683 3931 1858 3986 Rhod.
1877 3932 1932 3999 1,
1957 3953 2005 4006 9.
2025 3932 2193 3987 Erant
2208 3944 2391 3987 autem
2408 3945 2465 3988 et
2482 3933 2695 4001 insigues

1682 4010 2076 4079 prestigiatores
2088 4016 2168 4064 'et
2203 4009 2373 4065 invidi
2406 4008 2695 4065 calumma-

1684 4097 1837 4142 tores.
1864 4087 2151 4158 spanhem.
2185 4089 2253 4144 ad
2285 4088 2693 4149 callimachum.
