2975 4784
501 380 587 443 88

1073 377 1149 442 P.
1202 378 1566 446 OVIDII
1612 377 2062 447 NASONIS

496 510 763 587 Mulcet
796 541 998 614 aquas
1028 532 1247 589 rector
1274 515 1497 616 pelagi
1531 548 1547 589 :
1583 545 1912 619 supraque
1941 516 2351 618 profundum

496 630 886 702 Exstantem
907 685 926 716 ‚
969 647 1166 731 atque
1195 630 1509 707 humeros
1543 632 1771 707 innato
1805 633 2053 706 murice
2084 651 2365 722 tectum,

497 743 867 818 Caeruleum
898 745 1179 819 Tritona
1210 766 1441 837 vocat,
1482 747 1885 847 conchaeque
1918 748 2145 821 sonaci

501 859 832 960 Inspirare
864 860 1092 958 juhet;
1126 861 1500 963 fluctusque
1541 879 1606 935 et
1637 861 1906 937 flumina
1933 863 2128 958 signo

498 978 648 1050 Jam
682 1004 979 1052 revocare
1017 978 1171 1051 dato
1201 1008 1218 1051 ε
1248 1006 1402 1052 cava
1439 978 1722 1053 buccina
1758 978 2041 1053 sumitur
2073 977 2171 1051 illi

502 1180 805 1242 spectantur
829 1182 888 1224 ut
913 1171 1116 1226 milites.
1138 1201 1206 1214 —
1234 1175 1525 1240 Tui-aspide

504 1253 634 1314 telo,
661 1248 889 1304 tridente
909 1269 923 1302 ε
941 1248 1116 1302 Valer.
1136 1249 1276 1303 Flac.
1302 1252 1326 1303 1
1349 1288 1365 1314 ‚
1391 1249 1487 1315 642
1506 1290 1520 1316 ‚

507 1329 675 1394 Infida
694 1327 879 1389 kasleu
912 1325 1127 1378 Anthol.
1154 1327 1262 1393 IV,
1296 1345 1405 1395 cap.
1432 1343 1490 1379 11
1507 1364 1523 1391 ‚

511 1405 688 1475 Epigr.
703 1406 769 1472 64
788 1445 802 1471 ,
825 1412 1017 1481 τριὸελὶς
1035 1410 1154 1480 δὲρυ·
1170 1424 1249 1476 ap.
1268 1404 1526 1478 Lycophr-

505 1500 580 1535 νο.
597 1482 895 1553 96,'terram
911 1481 1136 1551 percutit
1160 1487 1399 1557 τριωνύχῳ
1416 1489 1529 1558 θερί.

575 1559 690 1612 33ι.
712 1562 929 1620 Mulcel,
955 1570 1161 1613 coercet
1177 1578 1334 1628 aquas
1350 1580 1362 1611 ι
1379 1560 1527 1629 Virg.

510 1637 725 1694 AEneid.
759 1639 815 1700 l.
855 1641 914 1708 57
934 1676 949 1703 ,
990 1633 1173 1691 AEolus
1205 1643 1373 1691 mollit
1400 1644 1529 1691 σπι·-

511 1736 620 1770 mos
640 1726 921 1768 ventorum
937 1738 951 1778 ;
969 1715 1144 1768 eidem
1160 1716 1371 1785 Jupiter
1385 1714 1532 1769 dedit

515 1796 950 1862 mulceri-fluctus,
979 1792 1045 1845 ib.
1069 1812 1199 1847 vers.
1219 1792 1301 1845 66.

581 1877 695 1930 332.
721 1879 902 1929 lanato
920 1881 1117 1928 munke.
1134 1875 1385 1945 Ingenitis
1408 1894 1535 1927 mu-

516 1954 710 2010 ricibus
732 1953 813 2005 ve!
834 1964 1103 2023 gerentem
1130 1953 1360 2006 humeris
1372 1954 1533 2022 inge-

512 2031 653 2085 nitos
663 2031 755 2084 sibi
783 2031 1008 2084 murices
1028 2041 1083 2083 et
1107 2029 1345 2083 conchas.
1367 2032 1468 2082 Ed.

582 2111 696 2164 333.
725 2112 999 2163 Gamla-ans
1032 2111 1252 2162 Tritona.
1286 2111 1535 2162 Cet-aleos·

518 2190 826 2245 concinnius
857 2189 922 2243 sit
951 2199 1009 2243 ut
1040 2188 1104 2241 ad
1129 2191 1359 2241 humeros
1384 2189 1533 2241 refe—

518 2278 683 2321 ratur.
710 2269 809 2319 Ed.
828 2294 896 2308 ·-
923 2269 1143 2318 Tritona.
1170 2264 1423 2336 Receptui
1446 2284 1537 2318 ca-

519 2344 603 2397 nit
637 2347 839 2405 Triton,
879 2343 1112 2411 Neptuni
1137 2342 1273 2394 silius
1307 2354 1359 2394 et
1384 2337 1535 2392 tubi-

520 2444 617 2479 cen
641 2465 655 2491 ,
684 2426 771 2493 qui
794 2423 1026 2476 buccine
1050 2424 1163 2476 loco
1186 2427 1427 2476 concham
1452 2423 1537 2475 ha·

518 2506 628 2570 bet,
645 2516 698 2558 et
714 2503 926 2572 quidem
942 2506 1169 2564 toditem,
1185 2509 1240 2555 e‘n
1252 2506 1537 2555 latumetca

524 2582 577 2637 h.
605 2602 650 2636 e.
686 2601 802 2651 qua:
826 2582 890 2634 ab
912 2581 1036 2633 ⁴imo
1077 2591 1225 2633 acuta
1243 2620 1258 2646 ‚
1289 2580 1539 2648 paulatim

528 2662 589 2716 fit
622 2662 804 2727 latior,
840 2661 998 2714 veluti
1019 2679 1073 2713 se
1108 2659 1162 2711 in
1200 2677 1389 2731 gyrum
1414 2669 1539 2712 tor-

529 2740 742 2810 quendo
761 2760 774 2792 t
791 2744 934 2793 turbo
949 2739 1092 2791 enim
1115 2735 1368 2806 quidquid
1383 2776 1399 2802 ‚
1420 2737 1542 2791 coni

528 2820 691 2873 instar
708 2855 723 2882 ,
751 2819 814 2871 ab
833 2818 941 2870 imo
965 2827 1174 2870 acutum
1191 2855 1206 2882 ,
1232 2825 1284 2868 et
1308 2814 1361 2866 in
1383 2833 1543 2867 sum-

532 2916 622 2949 mo
655 2897 805 2950 latius
839 2906 933 2949 est.
967 2895 1123 2948 Tales
1145 2891 1359 2946 conchae
1381 2893 1543 2945 etiam

537 2973 692 3027 hodie
719 2992 881 3026 vocan
889 2984 975 3026 tur
1004 2975 1419 3026 TnYonshoemet.
1438 2973 1544 3027 lis-

535 3050 656 3103 dem
682 3062 735 3102 et
765 3050 891 3101 olim
917 3050 1038 3103 ludi
1063 3049 1401 3103 buccinarum
1430 3048 1544 3103 loco

536 3127 822 3179 utebantur
852 3146 865 3179 2
897 3126 995 3179 vid.
1034 3124 1291 3180 Mulierus
1314 3125 1547 3179 ad-Lin-

534 3206 624 3258 nei
646 3204 886 3276 systema
912 3206 1056 3268 Nat„
1082 3216 1209 3258 tom.
1234 3204 1317 3257 vl
1336 3244 1350 3271 ‚
1376 3223 1425 3274 p.
1454 3222 1547 3256 ios

539 3277 731 3337 ee'sns.
762 3281 885 3350 lpse'
899 3281 1089 3335 Triton
1116 3282 1186 3335 ita
1208 3291 1389 3336 natare
1412 3281 1552 3336 sole-

540 3361 657 3427 bat,
683 3370 743 3413 ut
769 3359 985 3432 inferior
1008 3361 1238 3428 corporis
1262 3379 1408 3430 pars,
1434 3377 1550 3429 qun

540 3439 735 3508 piscem
755 3436 1042 3502 referebat,
1065 3437 1159 3489 sub
1181 3457 1313 3507 aqua
1335 3438 1548 3502 lateret,

542 3516 781 3585 superior
835 3523 1010 3567 autem
1059 3532 1210 3582 snpra
1246 3516 1552 3584 pmsundm

541 3601 776 3646 exstant.
812 3595 1025 3645 Numen·
1052 3593 1172 3646 tecti
1195 3604 1346 3646 erant
1375 3600 1553 3647 eiurato

542 3677 739 3725 munte.
760 3672 947 3741 Quum
972 3689 1142 3723 unm-2·
1161 3689 1325 3740 genus
1339 3671 1553 3726 conchae

543 3748 610 3802 sit
627 3787 642 3814 ,
667 3748 818 3816 euius
837 3767 898 3801 ex
914 3748 1166 3816 sanguine
1185 3765 1416 3819 purpura
1431 3767 1553 3801 con-

542 3826 819 3890 ficeretur,
848 3825 1093 3879 nonnulii
1118 3844 1179 3878 ex
1206 3825 1259 3879 h.
1286 3826 1316 3878 Ι.
1340 3844 1554 3896 purpu-

540 3921 694 3958 reum
761 3904 911 3958 nobis
980 3904 1203 3957 Tritona
1267 3903 1552 3956 finxerunt.

546 3984 722 4038 Etiam
750 3982 884 4036 Rod.
905 3998 917 4032 ε
936 3985 1021 4036 dte
1049 3985 1306 4036 Schultcm
1327 3986 1382 4033 e'n
1402 3999 1557 4048 ange-

541 4067 724 4117 boraeen
747 4064 943 4128 Purpur
954 4064 1204 4130 gebnellfl·
1229 4058 1369 4129 quod
1396 4077 1558 4126 repu-

544 4154 673 4213 gnat
730 4140 1160 4211 descriptionibus
1224 4140 1555 4210 reliquorum

2531 997 2636 1051 335

1619 1184 1893 1228 auctorum
1909 1214 1924 1240 ‚
1946 1174 2036 1243 qui
2052 1192 2175 1228 eum
2195 1171 2314 1227 satis
2335 1171 2636 1226 deformem

1620 1252 1844 1322 pingunt
1869 1270 1881 1304 :
1916 1250 2034 1304 vide
2075 1249 2259 1320 virgil.
2299 1247 2512 1302 AEneid.
2549 1247 2603 1301 X
2618 1289 2634 1312 ‚

1623 1349 1722 1403 ²09
1739 1369 1753 1396 ‚
1782 1330 1868 1383 ubi
1891 1334 1946 1382 ei
1956 1329 2318 1398 btkpilasrons
2332 1331 2549 1380 laterum
2564 1334 2638 1379 le·

1621 1426 1718 1459 nus
1741 1407 2013 1473 tribuitur,
2043 1407 2078 1459 i.
2101 1426 2146 1459 e.
2172 1407 2458 1475 interprete
2484 1401 2641 1476 Hey-

1625 1486 1717 1538 nio
1732 1526 1747 1553 ,
1767 1487 1873 1554 ipse
1892 1483 2122 1555 hispidus
2138 1494 2216 1537 est
2236 1503 2264 1536 a
2279 1484 2452 1536 fronte
2473 1500 2641 1551 usque

1625 1566 1693 1619 ad
1723 1566 1918 1630 latera,
1952 1563 2142 1618 scilicet
2176 1561 2412 1617 medium
2435 1579 2643 1631 corpus·

1628 1646 1840 1699 Rectius
1857 1644 2015 1714 igitur
2037 1642 2104 1697 de
2120 1641 2332 1698 conchis
2359 1641 2640 1711 accipitur,

1627 1723 1814 1792 quibus
1846 1721 2086 1790 superior
2115 1719 2348 1790 corporis
2381 1738 2501 1788 pars
2535 1718 2643 1771 ob-

1628 1800 1755 1860 sita;
1804 1799 1969 1867 qualis
2000 1800 2158 1852 etiam
2193 1799 2245 1852 in
2279 1795 2645 1851 monumentis

1630 1889 1683 1932 et
1716 1879 1936 1948 gemmis
1972 1889 2200 1949 apparet.
2233 1877 2376 1930 Vide
2409 1874 2646 1947 Lipperti

1630 1956 1835 2028 Dactyl.
1878 1956 1903 2009 1
1925 1995 1940 2022 ,
1977 1956 2044 2022 64
2066 1995 2081 2022 ‚
2124 1977 2184 2027 7²
2203 1995 2219 2022 ,
2260 1955 2338 2024 76.
2387 1955 2645 2007 Nostrum

1633 2034 1865 2088 imitatus
1876 2044 1954 2088 est
1967 2032 2241 2088 claudian.
2258 2034 2420 2103 Nupt.
2433 2033 2649 2086 Honor.

1630 2128 1683 2164 v.
1710 2116 1830 2178 150,
1856 2113 1944 2165 ubi
1970 2112 2020 2165 ei
2041 2113 2347 2165 tribuuntur
2365 2115 2482 2163 w'ro
2496 2129 2648 2179 squa-

1629 2196 1788 2244 lentia
1810 2197 1993 2244 Μανία
2017 2198 2168 2259 terga.
2204 2191 2347 2244 Infra
2374 2190 2454 2243 lv
2471 2228 2487 2256 ,
2515 2190 2617 2258 7²4
2631 2226 2647 2254 ,

1630 2270 1816 2324 bellue
1836 2270 2053 2324 marinae
2074 2277 2215 2336 terga
2236 2273 2376 2320 canti·
2393 2287 2547 2333 super
2561 2271 2652 2321 ob-

1631 2354 1737 2402 se’la
1754 2351 1982 2410 conchts,
2012 2345 2181 2415 qualia
2198 2363 2329 2412 saepe
2349 2356 2654 2399 cernuntur

1632 2426 1952 2480 balenarum
2000 2436 2158 2493 terga.
2208 2423 2428 2475 Pausan.
2474 2422 2655 2476 Boeot.

1633 2521 1683 2571 p.
1702 2505 1797 2570 454
1811 2542 1825 2569 ,
1849 2510 2053 2565 narrat,
2074 2500 2182 2552 veri
2196 2496 2430 2550 Tritonis
2448 2534 2463 2563 ‚
2483 2517 2656 2566 quem

1634 2580 1742 2649 ipse
1763 2578 1982 2645 viderit,
2019 2595 2207 2646 corpus
2228 2575 2532 2628 horrescere
2558 2588 2656 2631 te·-

1636 2658 1728 2711 nui
1758 2675 1973 2725 squama
1992 2694 2008 2720 ‚
2047 2661 2197 2725 φολίδι
2227 2661 2379 2731 λιι-τῇ.
2418 2652 2527 2707 Sed
2557 2655 2654 2708 loc.

1637 2737 1823 2792 classic.
1846 2735 1987 2788 unde
2008 2734 2090 2788 alii
2111 2734 2400 2788 hauserunt
2416 2773 2432 2800 ‚
2470 2743 2550 2786 est
2572 2753 2654 2803 ap.

1639 2812 1882 2882 Aponon.
1909 2813 1986 2865 Iv
2003 2850 2019 2878 ,
2052 2812 2178 2865 1610
2199 2830 2309 2880 sqq.
2330 2838 2397 2852 —
2421 2813 2654 2864 Concha-

1636 2910 1733 2960 7ne
1757 2895 1949 2943 sonaci.
1984 2890 2063 2943 Ex
2087 2889 2334 2958 opinione
2353 2899 2407 2942 et
2428 2888 2652 2957 reiigio-

1638 2987 1708 3021 ne
1726 2969 1986 3020 Veterum
2003 2966 2459 3036 interpretandum
2476 2975 2656 3020 censet

1641 3044 1877 3099 Tur-neb.
1903 3045 1987 3097 tib.
2014 3044 2102 3111 11,
2137 3064 2246 3114 cap.
2272 3060 2397 3110 xxt,
2426 3042 2655 3097 creden·-

1641 3122 1774 3177 tium
1813 3123 2095 3176 Tritonem
2136 3121 2371 3193 Neptuni
2405 3121 2654 3175 buccina-

1641 3210 1813 3254 torem
1846 3220 2041 3255 canoro
2067 3200 2390 3269 immanique
2424 3199 2652 3252 clamore

1642 3297 1802 3349 aquas
1822 3282 2090 3349 increpare
2111 3289 2164 3333 et
2187 3289 2438 3347 tanquam
2463 3279 2654 3331 auritas

1643 3379 1828 3413 vocare
1849 3402 1862 3422 ‚
1901 3377 2016 3428 quae
2039 3360 2153 3427 ejus
2176 3358 2398 3428 imperio
2420 3376 2654 3411 consue-

1642 3438 1817 3490 verint
1834 3457 2033 3507 parere.
2056 3439 2157 3489 Ed.
2176 3463 2245 3477 —·
2262 3438 2459 3490 ὅσιαι-ι’.
2478 3436 2655 3505 Vulgo

1644 3521 1880 3580 ,παππὰξ
1907 3534 2044 3569 unus
2059 3555 2073 3581 ‚
2098 3521 2302 3568 tonante·
2318 3535 2335 3567 .-
2356 3514 2525 3568 solent
2547 3514 2656 3567 hec

1645 3595 1788 3649 inter
1801 3615 1855 3649 se
1873 3594 2159 3663 permutari
2177 3604 2229 3646 et
2244 3590 2520 3655 confundi3
2538 3592 2656 3645 vide

1647 3671 1829 3726 Barth.
1853 3672 1916 3725 ad
1951 3669 2140 3725 Claud.
2175 3671 2336 3740 Nupt.
2364 3670 2572 3723 Honor.
2605 3678 2659 3723 et

1649 3752 1787 3805 Mar.
1815 3770 1943 3805 vers.
1979 3750 2085 3804 133.
2124 3749 2297 3802 Etiam
2332 3748 2487 3819 Apul.
2523 3749 2657 3803 Me·-

1648 3828 1908 3900 tamorph.
1933 3830 2014 3884 lv
2030 3867 2046 3893 ,
2074 3827 2286 3881 Tritoni
2312 3827 2494 3881 tribuit
2514 3845 2659 3880 sona·

1649 3927 1757 3961 cem
1780 3906 2052 3962 concham.

1715 3986 1829 4039 335.
1857 3988 2107 4039 Caeam...
2138 3979 2336 4038 touah.
2370 3983 2496 4038 Duo
2535 3981 2658 4052 epi-

1651 4061 1795 4116 theta
1817 4063 1911 4115 uni
1937 4062 2138 4115 nomini
2161 4062 2363 4131 addita,
2389 4061 2532 4134 quod
2547 4077 2658 4115 non

1651 4158 1969 4210 magnopere
1993 4141 2257 4214 probatur.
