2975 4784
514 369 641 414 202

1076 347 1151 411 Ρ.
1202 345 1560 414 0V1D11
1606 344 2070 413 NASONIS

509 483 831 588 Delphice
854 542 874 575 ‚
910 485 1260 589 poscebat3
1298 516 1452 561 nam
1484 516 1605 561 nec
1634 486 2002 561 rescindere
2035 487 2260 582 magni
2325 565 2332 572 ,

507 614 552 685 J
557 640 707 686 ussa
738 610 927 684 Jovis
963 629 1230 712 poteras
1259 641 1275 683 ε
1304 640 1461 700 nec,
1498 612 1556 684 si
1590 611 1958 685 rescindere
1992 638 2260 712 possa,

508 735 701 807 Tunc
734 733 962 808 aderas
989 766 1005 807 ε
1035 733 1224 822 Elin,
1259 734 1726 835 Messaniaque
1765 762 1917 807 arva
1941 732 2228 806 colebas.

511 856 689 931 Illud
725 877 859 933 erat
896 878 1195 961 tempus,
1234 885 1366 961 quo
1401 877 1463 933 te
1495 859 1788 960 pastoria
1814 858 2010 961 pellis

2544 879 2640 928 630

513 981 747 1069 Texit;
787 1009 1088 1083 onusque
1123 982 1253 1056 fuit
1289 982 1531 1057 dextrae
1566 982 1884 1056 silvestris
1921 980 2135 1065 oliva;

512 1104 808 1178 Alterius
831 1162 849 1194 ‚
889 1106 1115 1208 dispar
1144 1107 1434 1208 septenis
1465 1106 1689 1181 fistula
1723 1105 1969 1181 cannis.

515 1228 826 1329 Dumque
858 1225 1043 1303 amor
1074 1247 1175 1302 est
1206 1257 1406 1319 curae,
1439 1229 1601 1305 dum
1637 1248 1700 1304 te
1735 1247 1848 1302 tua
1873 1225 2096 1320 fistula
2127 1224 2371 1299 mulcet
2393 1280 2413 1311 ‚

579 1446 643 1516 67
651 1466 694 1515 7.
705 1448 814 1500 Nec
826 1451 1117 1500 rescindere.
1132 1448 1258 1502 Non
1277 1449 1421 1502 enim
1436 1469 1536 1502 re-

514 1522 754 1577 scindere
772 1521 887 1576 Diis
905 1523 1023 1577 licet
1036 1535 1147 1577 acta
1163 1525 1386 1578 aliorum
1398 1525 1538 1577 Deo-

519 1620 656 1654 rum.
699 1600 856 1653 Cons.
884 1601 968 1655 ΙΙΙ
986 1641 1001 1667 ,
1048 1604 1177 1664 αδδς
1214 1605 1348 1657 xlv
1366 1643 1380 1667 ,
1426 1605 1539 1672 784.

520 1680 695 1732 Fluxit
722 1679 823 1733 hoc
856 1700 918 1734 ex
944 1680 1180 1750 Euripid.
1217 1682 1381 1751 Hipp.
1404 1699 1537 1733 vers.

526 1758 651 1811 1328
669 1796 683 1823 ,
717 1777 746 1810 a
774 1777 881 1826 quo
909 1758 1019 1812 haec
1039 1758 1279 1812 Deorum
1306 1761 1384 1812 lex
1408 1777 1539 1811 con-

515 1834 650 1887 fecta
664 1834 781 1888 vide
789 1847 898 1889 tur:
914 1836 1135 1889 Valken.
1148 1836 1213 1889 ad
1232 1836 1284 1889 d.
1298 1836 1541 1889 l.-·Ade-

517 1931 630 1974 ras,
659 1912 852 1966 scilicet
871 1914 926 1966 in
955 1913 1251 1981 Thessalia,
1277 1915 1367 1968 ubi
1391 1913 1543 1966 habi-

521 1990 663 2044 tabat
682 1989 888 2044 Chiron
905 2014 919 2055 ;
940 1993 1139 2045 etenim
1160 2010 1271 2045 non
1292 1992 1388 2046 nisi
1410 2011 1543 2060 ρη-

519 2086 641 2120 sens
665 2067 813 2123 Deus
847 2088 1006 2138 opem
1036 2071 1173 2123 serre
1206 2080 1412 2139 poterat
1438 2069 1545 2122 ad—

520 2143 690 2198 flictu.
714 2146 906 2216 Apollo
931 2157 1109 2202 autem
1126 2147 1325 2201 abierat
1346 2186 1362 2213 ‚
1387 2146 1547 2200 boves

524 2240 764 2291 querens
783 2264 798 2290 ,
850 2224 906 2278 in
945 2225 1375 2295 Peloponnesum
1399 2263 1415 2291 ,
1455 2224 1546 2277 ubi

522 2302 642 2353 Elis
657 2311 711 2354 et
727 2304 987 2356 Messenia
1001 2303 1106 2357 sive
1122 2302 1177 2372 (e
1195 2302 1415 2357 dialecto
1429 2302 1550 2356 Do-

524 2375 656 2444 rica)
670 2380 937 2432 Messania
949 2396 1087 2431 arva.
1101 2379 1336 2432 Lactant-
1351 2379 1406 2432 in
1419 2379 1548 2447 Arg.

530 2454 720 2522 tradit,
765 2456 1068 2525 Apollinem
1097 2467 1227 2510 tunc
1250 2456 1468 2510 Admeti
1493 2457 1550 2509 in

531 2532 797 2587 Thessalia
811 2545 1050 2587 armenta
1063 2534 1275 2604 pavisse.
1291 2534 1422 2603 Ejus
1431 2553 1547 2587 aue·

533 2608 740 2663 toritate
759 2609 992 2681 decepti,
1017 2612 1143 2666 Intt.
1162 2611 1378 2681 quidam
1393 2611 1552 2663 verba

532 2690 656 2740 Elin
682 2691 1033 2758 Messeniaque
1062 2710 1186 2744 ma
1216 2688 1411 2743 mutari
1446 2706 1553 2740 vo-

532 2764 765 2820 luerunt.
800 2768 1048 2821 Temere.
1082 2767 1170 2821 Ad
1192 2767 1336 2819 illam
1364 2776 1553 2819 custo-

537 2844 679 2899 diam
695 2846 888 2916 Apollo
908 2847 1076 2900 multo
1090 2846 1256 2900 serius
1275 2846 1555 2900 damnatus

536 2935 679 2990 erat,
720 2925 896 2979 occisis
920 2924 1236 2996 Cyclopibus
1259 2963 1275 2991 ,
1313 2924 1403 2992 qui
1430 2922 1556 2976 Jovi

538 2999 603 3052 ad
641 3003 942 3056 necandum
968 3001 1325 3070 AEsculapium
1352 3000 1556 3054 fulmen

540 3077 914 3134 ministrarant.
930 3078 1304 3150 Apollod.111,
1325 3094 1358 3130 x
1381 3118 1396 3144 ,
1425 3079 1472 3143 4.
1490 3101 1557 3116 --

540 3153 690 3208 Olim
706 3156 876 3227 vulgo,
892 3160 1255 3226 Messeniaque.
1267 3155 1375 3210 Sed
1389 3153 1557 3207 vatic.

545 3230 750 3287 Caelest.
766 3235 950 3291 Franc.
970 3237 1101 3307 Reg.
1116 3246 1171 3289 et
1182 3235 1412 3304 optimus
1426 3230 1560 3301 quis—

540 3330 642 3379 que
664 3351 680 3379 ,
709 3314 1070 3383 Messeniaque
1094 3325 1187 3369 aut
1207 3315 1560 3379 nessusque.

606 3393 723 3448 680.
750 3394 864 3458 Quo
882 3398 934 3444 Ie
943 3398 1179 3459 pastoria
1190 3397 1362 3460 pelles.
1375 3392 1562 3444 Pasto-

543 3486 662 3521 rem
682 3470 748 3522 ab
771 3469 953 3522 babitu
976 3488 1155 3522 rursus
1172 3469 1423 3540 designat.
1441 3472 1565 3522 Pe!-

544 3549 613 3614 les
645 3546 897 3599 humeros
921 3556 1191 3615 pastorum
1215 3558 1393 3618 tegere
1412 3547 1565 3601 sole-

429 3627 435 3652 ⁸
546 3623 649 3676 bat.
680 3624 830 3678 Vers.
860 3642 968 3692 seq.
999 3624 1238 3677 revocavi
1267 3626 1384 3680 leet.
1414 3626 1565 3678 anti-

550 3718 709 3770 quam
728 3739 744 3766 ,
790 3719 951 3770 quam
984 3721 1046 3755 ex
1093 3712 1241 3771 parte
1281 3705 1440 3756 etiam
1480 3703 1567 3756 alii

552 3780 718 3836 MSS.
740 3781 954 3851 plurimi
978 3781 1230 3849 adjuvant
1248 3819 1263 3847 ,
1297 3783 1351 3835 in
1378 3783 1568 3852 quibus

551 3871 641 3916 aut
653 3879 780 3914 onus
789 3864 976 3912 dextro
988 3862 1199 3912 baculus
1214 3862 1457 3912 silvestr-1⁶5
1468 3866 1570 3914 oli·

555 3963 650 4006 ee,
671 3951 762 3996 aut
777 3979 794 4008 ,
811 3948 871 3992 ut
891 3949 1011 3992 ante
1028 3937 1215 3991 Heius.
1228 3937 1535 4005 vulgabatur
1550 3977 1567 4007 ,

552 4045 773 4095 onusque
784 4022 899 4093 full
924 4026 1136 4076 baculas
1154 4026 1398 4075 silvestris·
1414 4026 1570 4076 olive.

560 4103 776 4160 Etenim
794 4102 1035 4159 baculum
1053 4101 1382 4174 oleagineum
1402 4113 1572 4171 gesta·-

1631 1467 1689 1501 re
1713 1446 1952 1501 solebant
1975 1455 2220 1514 pastores.
2243 1442 2417 1512 Apoll.
2443 1443 2527 1507 11,
2553 1443 2643 1509 34:

1634 1535 1792 1593 atque
1814 1523 1972 1575 etiam
1992 1522 2127 1591 apud
2147 1521 2331 1591 Virgil.
2358 1520 2469 1573 Ecl.
2487 1519 2644 1576 vul.

1641 1602 1699 1654 16
1713 1640 1727 1667 ,
1749 1599 1962 1652 Damon
1981 1598 2234 1652 incumbit
2254 1600 2563 1649 teteliolt‘vae.
2583 1594 2650 1646 Et

1635 1679 1932 1748 gestabatur
1948 1681 2170 1736 dextera,
2190 1672 2517 1728 Theocr.1d.
2541 1689 2617 1724 vn
2630 1711 2644 1734 ‚

1643 1759 1797 1826 15-19
1814 1794 1830 1821 ,
1869 1772 2099 1823 quocum
2132 1752 2217 1805 hic
2241 1751 2386 1804 locus
2409 1770 2438 1803 e
2475 1759 2648 1802 nostra

1635 1833 1860 1887 lectione
1884 1834 2090 1902 egregie
2115 1831 2390 1900 conspirat.
2431 1829 2564 1880 Nam
2595 1837 2649 1878 et

1636 1911 1707 1964 ibi
1749 1921 1924 1980 pastor
1959 1909 2193 1962 humeris
2225 1908 2462 1960 indutam
2493 1903 2652 1956 habet

1630 1993 1812 2059 pellem
1835 2031 1848 2052 ‚
1897 1994 2041 2064 δίρμα
2059 2029 2075 2056 ,
2118 1998 2172 2041 et
2209 1992 2415 2040 dextera
2449 1985 2553 2037 sert
2589 2001 2654 2033 et

1638 2075 1857 2124 oleastro
1863 2074 2072 2138 pedum,
2094 2070 2336 2143 ἂγριιλαίω
2358 2073 2565 2140 &gt-etp}
2579 2086 2656 2116 xo-

1640 2156 1789 2228 ρύναν.
1806 2150 1923 2202 Tali
1939 2148 2120 2202 habitu
2136 2146 2532 2215 conspiciuntur
2543 2161 2659 2211 pas-

1643 2239 1782 2282 tores
1800 2226 1937 2296 apud
1953 2226 2206 2279 Goraeum
2224 2225 2309 2289 11,
2324 2242 2380 2276 n.
2400 2242 2434 2294 9
2448 2261 2463 2287 ,
2484 2233 2538 2275 et
2553 2222 2659 2273 Bo-

1641 2309 1876 2361 rionium
1904 2307 1956 2359 in
1987 2306 2205 2359 Collect.
2231 2303 2413 2371 Antiq.
2433 2300 2658 2367 Tab.87.

1649 2388 1791 2439 Onus
1804 2426 1817 2447 ,
1844 2382 2099 2453 quidquid
2117 2391 2376 2452 gestatur:
2397 2378 2477 2432 lv
2497 2379 2632 2431 Fast.
2645 2415 2659 2440 ,

1647 2463 1737 2528 241
1757 2501 1771 2528 ,
1789 2481 1914 2513 onus
1933 2466 2173 2528 thgue’mlr.
2186 2461 2479 2518 -qulffl
2501 2473 2663 2524 quum

1647 2540 1839 2608 Apollo
1859 2539 1979 2592 alias
1999 2540 2166 2610 lyram
2183 2535 2567 2589 moderaretur.
2581 2532 2664 2585 De

1649 2620 1762 2688 ejus
1777 2618 1976 2681 forma,
1993 2616 2096 2669 vid.
2115 2614 2181 2668 ad
2204 2616 2249 2681 1,
2271 2634 2325 2685 7¹
2341 2634 2383 2666 ι.
2399 2639 2467 2652 —-
2483 2611 2668 2664 Heius.

1652 2715 1715 2748 ex
1733 2696 1970 2749 Florent.
1995 2695 2052 2748 S.
2077 2693 2247 2746 Marci
2266 2731 2282 2757 ,
2307 2688 2542 2745 secundo
2565 2689 2671 2741 Pa-

1650 2773 1815 2826 latino
1837 2785 1893 2827 et
1924 2772 2133 2826 Leodic.
2160 2770 2304 2823 dedit
2326 2787 2546 2836 onusque
2560 2765 2677 2832 sni!

1651 2854 1885 2903 baculum
1912 2856 2138 2904 silvestre
2159 2853 2389 2901 simle-tre.
2414 2873 2484 2886 —-
2504 2843 2672 2897 Codi-

1651 2948 1736 2983 ces
1760 2929 1925 2982 nostri
1947 2928 2100 2998 Regii
2120 2927 2316 2981 habent
2335 2922 2678 2993 onusquefiu't

1651 3012 1863 3062 baculus
1887 3013 2136 3062 se'lvestn's
2168 3012 2326 3062 ole'oae.
2359 3034 2428 3046 —
2463 3008 2675 3058 Caenm‘s.

1654 3087 1913 3142 Heinsius
1937 3087 2151 3158 putabat
2175 3129 2187 3148 ,
2232 3087 2296 3139 ab
2316 3087 2426 3155 ipsa
2449 3084 2674 3138 Nasonis

1653 3183 1817 3218 manu
1840 3185 1948 3219 esse
1969 3167 2359 3234 septenafirlula
2381 3181 2570 3216 canna.

1717 3244 1833 3297 683.
1858 3247 2090 3313 Dumque
2106 3263 2262 3295 amor.
2285 3242 2407 3295 Hoc
2426 3238 2494 3293 de
2511 3259 2678 3292 aaron

1655 3323 1791 3375 sorte
1810 3320 2034 3376 Ovidius
2051 3320 2253 3374 addidit
2272 3360 2288 3387 ,
2313 3320 2436 3389 quia
2457 3317 2649 3389 Apollo
2663 3356 2676 3382 ,

1660 3419 1827 3472 quum
1851 3402 2015 3455 serius
2040 3399 2260 3454 Admeti
2295 3410 2537 3453 armenta
2566 3418 2683 3467 pz-

1660 3491 1802 3533 ceret
1828 3519 1844 3546 ,
1891 3479 1976 3532 vel
2017 3480 2379 3551 Hymenaeum
2402 3517 2418 3543 ,
2461 3475 2680 3530 Admeti

1660 3568 1910 3627 nepotem
1922 3597 1936 3624 ,
1955 3576 2149 3610 amasse
2164 3596 2180 3622 ,
2197 3557 2278 3609 vel
2292 3556 2450 3626 ipsius
2467 3551 2683 3607 Admeti

1662 3653 1841 3687 amore
1873 3635 2051 3688 arsisse
2087 3633 2331 3687 traditur.
2360 3660 2427 3680 -ψ-
2463 3633 2688 3684 Hele-ere

1662 3713 1850 3784 passim
1861 3713 1927 3766 de
1941 3712 2236 3767 carminum
2251 3722 2305 3765 et
2319 3709 2542 3764 musices
2553 3726 2685 3762 sua-

1661 3794 2080 3865 vitatem-&Ius
2094 3790 2244 3844 dictae
2257 3799 2382 3844 sunt
2402 3789 2559 3842 urbes
2584 3796 2689 3840 tres

1661 3871 1721 3923 in
1746 3872 2132 3941 Peloponneso.
2161 3870 2320 3922 Nune
2346 3867 2509 3940 Pylus
2534 3863 2688 3919 Nelei

1664 3950 1723 4002 in
1741 3950 2014 4022 Triphylia
2034 3968 2196 4019 prope
2217 3947 2338 4000 Elin
2363 3943 2690 4013 intelligitur.

1668 4027 1852 4081 Posuit
1867 4029 1990 4080 sem.
2001 4030 2334 4090 incustoab'lm
2351 4035 2506 4078 erant
2520 4022 2689 4087 enim,

1667 4125 1716 4156 v.
1734 4105 1895 4158 Hom.
1913 4106 1967 4158 in
1987 4106 2156 4158 Merc.
2176 4124 2268 4177 ¹9²
2282 4144 2296 4171 ,
2318 4111 2468 4157 πᾶσαι
2482 4106 2691 4162 Silene-
