2975 4784
925 676 1819 785 PRAEFATIO

380 928 546 1015 DE
607 925 1027 1013 oPERE
1096 926 2392 1039 METAMoRPnosEoN,

494 1180 499 1185 ·
584 1146 1056 1211 AUCTORE
1096 1145 1442 1208 GOTTL.
1487 1148 1767 1212 Eunu.
1821 1150 2211 1217 GIERIG.

329 1639 531 1744 RES
561 1667 1180 1769 antiquissimorum
1209 1665 1807 1744 Graecommferme
1829 1698 2096 1760 omnes,
2117 1669 2459 1745 civitatum

330 1799 658 1895 orig-ines,
684 1797 822 1872 sata
843 1815 913 1872 et
928 1797 1100 1872 facta
1118 1797 1399 1872 heroum
1411 1854 1431 1888 ,
1452 1800 1883 1901 Deorumque
1899 1801 2256 1898 religiones
2269 1858 2289 1891 ‚
2309 1798 2464 1903 phi-

330 1929 799 2031 losophemata
831 1927 1027 2001 etiam
1045 1983 1065 2016 ‚
1093 1954 1299 2029 quum
1320 1983 1340 2017 ‚
1372 1929 1548 2002 utin
1572 1929 1725 2004 rudi
1754 1950 1949 2027 gente
1971 1934 2134 2009 etin
2159 1961 2465 2009 sermone

234 2121 244 2129 .
332 2062 635 2137 nondum
668 2059 939 2135 exculto
958 2117 979 2149 ‚
1010 2060 1259 2161 fabulis
1300 2079 1522 2137 essent
1563 2058 1878 2136 involuta·
1897 2119 1918 2151 ‚
1970 2065 2172 2163 primi
2201 2082 2417 2166 poetae
2443 2121 2463 2154 ,

333 2193 469 2291 jam
508 2210 660 2266 ante
690 2193 1063 2263 Homerum
1094 2208 1163 2264 et
1186 2190 1562 2264 Hesiodum
1581 2245 1600 2277 ‚
1645 2192 1731 2262 iis
1759 2193 1936 2264 varie
1970 2195 2328 2267 tractandis
2363 2195 2468 2266 in·

342 2292 542 2418 genia
598 2336 1063 2407 exercuerunt3
1118 2318 1498 2418 horumque
1557 2306 1838 2412 vestigia
1897 2339 2283 2418 presserunt
2331 2318 2469 2397 ‘tam

336 2456 591 2558 quibus
620 2472 853 2555 postea
888 2453 1285 2548 theogoniae
1318 2469 1524 2553 atque
1560 2452 2027 2547 cosmogonias
2072 2482 2468 2557 componere

328 2587 586 2689 placuit
605 2642 628 2675 ‚
665 2615 863 2688 quam
892 2586 1008 2686 qui
1020 2582 1280 2686 Cyolici
1302 2582 1668 2657 dictitsunt.
1700 2583 1918 2685 Lyrici
1950 2586 2149 2659 etiam
2175 2587 2462 2688 hymnos

334 2720 405 2792 in
438 2721 629 2793 Deos
653 2716 1015 2819 laudesque
1046 2717 1329 2791 heroum
1356 2714 1607 2790 fabulis
1637 2734 2082 2807 exornarunt,
2110 2735 2178 2792 et
2195 2720 2467 2816 Tragici

334 2849 709 2926 dramatum
756 2866 1035 2923 suorum
1082 2863 1479 2943 argumenta·
1515 2846 1671 2923 inde
1701 2849 2112 2950 repetierunt
2145 2851 2466 2925 certatim.

335 2983 571 3083 Neque
610 2998 961 3082 poetarum
1007 2980 1297 3076 ingeniis
1329 2978 1495 3053 solis
1521 2974 1737 3082 ampla
1781 2978 1898 3055 illa
1925 2974 2212 3056 materia'
2231 3000 2335 3057 est
2364 3012 2471 3059 re-

336 3112 524 3204 liet„
562 3114 683 3189 ned
718 3130 869 3187 ante
900 3130 968 3188 et
997 3114 1169 3188 circa
1187 3110 1365 3188 bella
1388 3136 1542 3188 cnm
1566 3112 1787 3187 Persis
1824 3130 2006 3208 gesta
2037 3115 2468 3206 exstiterunt,

336 3247 487 3353 qui,
521 3264 603 3320 ut
624 3245 842 3341 gentis
863 3272 996 3319 suae
1022 3245 1313 3340 origines
1339 3244 1734 3331 conderent,
1760 3242 2021 3317 fabulas
2041 3243 2219 3333 illas,
2243 3245 2470 3346 quales

334 3399 529 3457 erant
563 3407 601 3453 a
630 3378 999 3479 majoribus
1033 3377 1323 3465 tradita,
1361 3374 1817 3449 voluminibus
1843 3374 2470 3478 complecterentur3

332 3515 409 3587 in
450 3512 705 3615 quibus
738 3512 1168 3601 Pherecides,
1200 3507 1556 3585 Acusilaus
1592 3511 1919 3605 Argivus,
1955 3512 2300 3587 Hecataeus
2334 3512 2473 3584 Mi-

328 3643 565 3732 lesius,
586 3661 655 3717 et
675 3641 1067 3718 Hellanicus
1080 3639 1554 3716 inclaruerunt.
1580 3638 1770 3713 lllam
1780 3668 1940 3714 vero
1962 3639 2337 3716 fabularum
2355 3671 2476 3716 an-

329 3777 626 3877 tiquitus
662 3775 1055 3851 traditarum
1100 3771 1532 3871 farraginem,
1572 3801 1704 3873 qua
1751 3790 1894 3846 tum
1940 3774 2158 3848 omnis
2191 3773 2475 3850 historia

328 3936 549 4007 graeca
596 3906 1110 3993 continebatur,
1144 3933 1267 3979 nec
1298 3903 1532 3977 seriori
1571 3921 1868 4005 tempore
1901 3905 2321 4005 abjecerunt,
2358 3908 2476 4007 qui

322 4068 557 4115 rerum
587 4069 627 4112 a
662 4038 880 4135 gentis
915 4065 1049 4113 suae
1083 4034 1466 4110 auctoribus
1498 4053 1828 4133 gestarum
1860 4039 2192 4117 memoria
2227 4065 2476 4112 consu-

326 4171 471 4248 lere
504 4169 885 4246 voluerunt.
918 4170 1057 4243 Tot
1083 4168 1290 4264 igitur
1314 4168 1717 4272 scriptorum
1751 4166 1990 4242 studiis
2024 4164 2138 4242 illa
2165 4168 2313 4273 ipsa
2338 4166 2475 4242 far-

607 4301 765 4370 III.
2119 4321 2146 4364 ι
