2975 4784
621 392 1295 463 METAMORPH
1317 391 1661 461 OSEON
1720 395 1912 464 LIB.
1968 398 2108 466 vl.

2299 395 2430 490 4²7

301 537 379 607 In
410 533 612 607 latere
633 531 844 608 ‘exiles
877 531 1072 628 digiti
1106 561 1232 633 pro
1267 532 1574 606 cruribus
1606 532 1856 606 haerent
1884 563 1900 605 ε

303 650 534 722 Cetera
566 665 793 722 venter
825 646 1070 733 habet;
1103 645 1184 719 de
1219 675 1356 747 quo
1395 665 1613 722 tamen
1642 646 1753 722 illa
1787 649 2066 722 remittit

306 763 574 836 Stamen
595 817 615 849 ,
652 780 719 837 et
751 763 1059 863 antiquas
1093 779 1352 835 exercet
1382 790 1616 836 aranea
1649 760 1830 836 telas,

2288 769 2299 782 .
2339 783 2433 854 1⁴⁵

402 878 489 949 ll.
528 877 738 978 Lydia
771 896 910 952 tota
943 877 1205 965 fremit;
1241 877 1679 978 Phrygiaeque
1708 906 1832 978 per
1863 877 2115 979 oppida
2146 876 2300 952 sacti

308 996 568 1067 Rumor
601 995 655 1066 it
676 1050 695 1082 ‚
736 1012 803 1068 et
833 1022 1148 1089 magnum
1178 992 1596 1072 sermonibus
1637 1010 1918 1094 occupat
1952 993 2204 1070 orbem.

305 1110 482 1182 Ante
518 1137 681 1182 suos
714 1109 935 1188 Niobe
972 1107 1293 1182 thalamos
1324 1129 1727 1203 cognoverat
1757 1108 1970 1199 illam,

304 1226 480 1299 Tum
515 1252 720 1325 quum
757 1223 1114 1298 Maeoniam
1146 1224 1332 1320 virgo
1365 1224 1802 1327 Sipylumque
1831 1226 2133 1301 colebat:

304 1442 536 1477 mannus
564 1422 708 1476 dedit
731 1443 793 1477 ex
815 1423 980 1476 tribus
996 1422 1159 1477 Mss.
1177 1444 1192 1485 ;
1213 1422 1323 1477 vul·

303 1520 373 1570 go
401 1507 508 1554 loto
528 1520 717 1570 quoqne
738 1519 949 1567 corpote.
969 1500 1115 1555 Licet
1130 1500 1324 1555 habeat

303 1588 479 1630 totum
518 1589 571 1631 et
606 1580 870 1649 integrum
913 1598 1135 1649 corpus,
1163 1598 1322 1648 parva

303 1668 484 1710 tamen
511 1667 590 1710 est
608 1695 623 1722 ,
663 1667 717 1710 et
744 1657 921 1709 omnia
944 1657 1062 1725 ejus
1082 1657 1323 1710 membra

300 1745 428 1787 sunt
468 1735 630 1787 exilia.
676 1734 804 1787 Mox
846 1735 1097 1788 Heinsius
1146 1735 1325 1788 mallet

302 1822 480 1867 venter
519 1817 653 1875 obit,
690 1814 780 1867 sed
818 1813 969 1867 male.
1006 1814 1289 1884 Eleganter
1305 1853 1321 1880 ,

308 1895 488 1946 Cetera
528 1899 702 1943 water
737 1895 891 1945 babel
901 1933 914 1952 .
959 1903 1083 1946 sunt
1119 1903 1323 1946 venter.

309 1972 427 2036 111,
472 1970 633 2024 Trist.
682 1971 783 2037 IV,
821 1971 885 2037 46
913 2008 931 2036 ,
967 1974 1123 2024 babel
1157 1977 1326 2025 celera

296 2058 501 2119 pontus.
532 2052 684 2103 Obie-e
715 2049 890 2124 potius
930 2050 996 2103 de
1033 2061 1184 2118 actu,
1216 2070 1326 2119 quo

306 2139 546 2182 mutatur
567 2127 776 2198 aliquid.
801 2129 824 2181 1
845 2169 861 2195 ,
889 2131 1328 2183 552.—Etercel.

306 2208 556 2262 Debebat
582 2209 726 2278 aequi
753 2220 919 2264 artem
938 2249 955 2277 ,
987 2210 1079 2266 sed
1102 2209 1228 2263 dixit
1249 2218 1328 2263 Ie-

304 2290 391 2339 Ias
408 2327 420 2344 ,
448 2297 504 2340 et
525 2286 734 2355 quidem
756 2294 1021 2357 antiquas,
1069 2289 1326 2359 pristinas.

310 2367 453 2420 Nam
475 2385 701 2420 exercerc
717 2366 937 2424 omnino
956 2378 1034 2420 est
1056 2378 1292 2420 metare.

375 2443 624 2510 146—312.
669 2447 829 2497 Niobe
851 2484 866 2505 ,
918 2444 1128 2497 Tantali
1176 2443 1280 2497 filia
1307 2483 1324 2511 ,

305 2520 623 2592 Amphionis
643 2560 658 2586 ,
689 2522 821 2591 regis
843 2520 1120 2587 Thebani,
1161 2540 1290 2574 uxor
1309 2560 1326 2588 ,

300 2599 509 2669 copiosa
531 2597 676 2667 prole
701 2598 1005 2668 superbiens
1034 2607 1087 2651 et
1112 2597 1328 2651 Latona

303 2697 356 2730 se
373 2679 689 2748 preferens,
715 2677 945 2747 primum
970 2678 1186 2732 orbatur
1208 2677 1326 2740 filii·

305 2756 616 2826 filiabusque
634 2757 907 2824 omnibus,
933 2775 1054 2810 mox
1078 2756 1185 2828 ipsa
1203 2775 1329 2809 mu-

307 2845 448 2887 tatur
495 2835 550 2886 in
588 2853 783 2888 saxum.
833 2833 1029 2888 Fabula
1080 2855 1109 2888 a
1147 2834 1326 2889 multis

303 2913 641 2983 scriptoribus
655 2953 671 2977 ,
699 2913 874 2968 multis
895 2913 1178 2983 deperditis
1201 2926 1322 2969 tra-

307 2991 521 3062 goediis,
556 2992 732 3045 multis
765 2993 1158 3058 monumentis,
1185 2992 1329 3046 mul-

307 3069 376 3122 tis
397 3069 626 3138 denique
650 3068 921 3139 epitaphiis
943 3069 1213 3125 celebrata.
1240 3068 1324 3124 Cs.

310 3147 475 3202 Hom.
497 3147 555 3200 Il.
573 3157 624 3201 Ω
637 3187 651 3213 ,
668 3148 767 3201 602
783 3167 895 3215 sqq.
913 3168 928 3209 ;
954 3144 1253 3202 Callimach.
1274 3146 1326 3200 h.

309 3225 483 3295 Apoll.
497 3247 594 3288 νη
621 3226 843 3280 Pausan.
861 3222 1107 3277 Corinth.
1124 3242 1172 3293 p.
1197 3225 1289 3278 160
1308 3246 1324 3290 ς

310 3300 555 3371 Apollod.
589 3301 701 3368 111,
731 3320 786 3368 v,
813 3301 877 3366 6,
903 3300 1065 3370 quiin
1087 3300 1326 3372 plurimis

305 3381 570 3434 consentit
593 3400 715 3433 cum
731 3381 927 3434 Nostro
944 3390 1030 3444 ;‘et
1046 3379 1202 3433 Diod.
1223 3380 1326 3435 sie.

306 3457 409 3524 IV,
433 3462 496 3528 74
513 3481 527 3523 ;
543 3459 717 3512 Schol.
729 3458 911 3527 Eun-ip.
926 3457 990 3511 ad
1007 3458 1191 3514 Phoen.
1214 3459 1324 3526 162,

303 3556 332 3589 e
356 3535 657 3591 Cod.v0ss.
676 3560 691 3602 ς
712 3537 908 3609 Hygia.
935 3537 1111 3610 sab.9,
1139 3555 1224 3604 ιο,
1251 3557 1326 3590 ιι.

306 3614 691 3668 Tractaverant
705 3615 814 3669 haee
829 3626 880 3667 et
898 3614 1112 3668 Hesiod.
1132 3615 1326 3671 Phere-

305 3693 468 3766 cydes
484 3733 500 3758 ,
521 3692 816 3748 Hellanicus
839 3705 894 3746 et
911 3694 1121 3763 plurimi
1141 3705 1323 3766 poete.

307 3772 808 3841 Signumvetustum
819 3773 1012 3827 Niobes
1023 3793 1145 3828 cum
1157 3775 1327 3830 tiberis

307 3849 798 3905 excellentissimum
823 3852 1103 3908 Florentia
1135 3873 1324 3909 serva-

310 3940 402 3982 tur
418 3967 435 3994 ,
454 3925 520 3979 de
541 3945 647 3995 quo
660 3928 961 3984 &vinu-tm.
979 3931 1032 3986 in
1052 3933 1189 3987 Hist.
1209 3934 1325 3988 Art.

311 4027 363 4076 p.
391 4024 485 4074 ¹7⁰
501 4043 516 4070 ,
545 4007 642 4056 205
660 4043 675 4070 ,
704 4007 794 4068 2²6
813 4030 826 4071 ;
856 4021 908 4063 et
931 4011 983 4064 in
1004 4012 1153 4064 Mon.
1176 4011 1327 4066 lned.

313 4103 368 4137 n.
394 4085 475 4157 89.
511 4082 791 4153 Palaephat.
809 4105 914 4158 cap.
934 4110 993 4160 9,
1012 4089 1242 4144 fabulam
1257 4090 1330 4144 sic

315 4159 535 4233 explicat
549 4202 564 4229 ,
582 4163 786 4218 Nioben
802 4166 975 4222 seciae
992 4169 1087 4222 sihi
1102 4179 1330 4224 statuam

1413 1423 1675 1494 lapideam
1692 1424 1746 1478 in
1762 1426 1967 1481 tumulo
1992 1425 2298 1480 liberorum.
2314 1425 2435 1481 Phi·

1417 1501 1597 1558 lemon
1608 1504 1712 1557 sab.
1720 1503 1849 1558 inde
1864 1514 2042 1557 natam
2063 1504 2432 1570 arbitrabatur,

1419 1580 1562 1653 quod
1598 1582 1767 1636 Niobe
1803 1602 1910 1653 pre
1935 1582 2131 1638 doloris
2161 1584 2436 1654 magnitu—

1421 1659 1545 1713 dine
1587 1659 1716 1714 nihil
1753 1660 1994 1730 proloqui
2036 1662 2281 1731 potuerit.
2325 1662 2439 1714 Nec

1419 1737 1569 1792 aliter
1594 1737 1705 1791 Cic.
1721 1739 1875 1793 Tusc.
1894 1738 1978 1793 111
2000 1778 2017 1805 ,
2035 1739 2130 1792 25:
2154 1742 2316 1792 Niobe
2311 1742 2437 1808 fin·—

1415 1821 1555 1883 giler
1569 1820 1772 1884 lapidea
1788 1858 1801 1878 ,
1825 1823 2028 1884 propter
2043 1824 2277 1870 elerum
2294 1858 2309 1879 ,
2334 1836 2441 1870 cm-

1420 1895 1487 1947 do
1503 1934 1517 1954 ,
1570 1898 1625 1946 1⁶ae
1677 1898 1815 1948 luctu
1862 1897 2131 1947 se'lenleium.
2181 1894 2327 1948 Hinc
2370 1894 2436 1947 ab

1423 1970 1655 2024 AEschilo
1690 1970 1904 2026 inducta
1935 1973 2107 2024 fuerat
2146 1971 2319 2024 velato
2349 1988 2440 2023 ca-

1421 2051 1546 2120 pite.
1568 2079 1634 2092 ·-
1646 2054 1865 2106 Fremcm
1878 2051 1965 2105 hic
1981 2071 2092 2105 non
2110 2051 2175 2105 de
2191 2050 2441 2122 indigna-

1416 2129 1561 2182 tione
1587 2140 1643 2182 et
1669 2126 1851 2182 dolore
1877 2129 2205 2199 popularium
2232 2128 2439 2183 Arach-

1416 2226 1513 2260 nes
1534 2205 1879 2275 capiendum,
1913 2206 2005 2260 aed
2024 2247 2041 2273 ,
2076 2217 2136 2260 ut
2159 2205 2427 2261 Sebirach.

1417 2295 1560 2337 recte
1584 2283 1854 2350 observat,
1878 2283 1945 2337 de
1968 2286 2107 2338 sama
2122 2295 2438 2355 pervagante

1419 2360 1643 2433 Lydiam
1670 2400 1685 2427 ,
1743 2363 1864 2431 quia
1911 2361 2021 2416 hae
2058 2361 2268 2432 dignior
2301 2363 2440 2415 sacto

1420 2440 1714 2506 Minerva,
1755 2459 1916 2510 quam
1951 2440 2258 2510 indignatio.
2283 2439 2441 2493 Phe-

1420 2517 1579 2582 drus,
1615 2519 1641 2573 1
1662 2556 1678 2585 ,
1707 2517 1878 2571 sabula
1908 2535 1978 2583 V,
2008 2536 2073 2570 ao
2107 2535 2122 2569 ε
2152 2519 2346 2568 Rumor
2376 2518 2441 2566 de

1419 2598 1628 2649 tt'be’ciaee
1640 2594 1824 2663 steni!
1846 2600 1903 2647 in
1927 2598 2136 2648 theam.
2161 2593 2246 2645 De
2276 2592 2441 2645 Fama

1405 2674 1625 2743 stenem
1652 2683 1732 2727 est
1748 2711 1764 2739 ,
1794 2672 1905 2725 xn
1923 2710 1940 2738 ,
1971 2670 2081 2739 748.
2106 2669 2249 2723 Male
2269 2666 2407 2722 Rod.
2425 2707 2443 2735 ,

1421 2753 1618 2823 Lydia
1651 2753 1779 2805 beu.
1800 2776 1870 2789 -
1903 2750 1959 2800 ΙΙ
1984 2766 2081 2816 per
2114 2747 2300 2813 oppda
2322 2784 2336 2807 ‚
2384 2755 2445 2798 ut

1422 2831 1563 2901 apud
1589 2830 1873 2901 Virgilium
1889 2867 1904 2894 ,
1926 2826 2084 2895 sm
2104 2830 2152 2880 it
2165 2843 2262 2894 pet
2283 2827 2448 2877 urbes.

1418 2941 1486 2952 ——
1505 2911 1650 2965 Male
1694 2909 1946 2965 Heinsius
1978 2904 2166 2961 suadet
2201 2922 2439 2971 megum

1418 2994 1611 3054 urben,
1644 2989 1698 3044 id
1722 2999 1831 3055 eet,
1858 2985 2066 3042 sardes.
2102 2986 2279 3039 Immo
2307 2982 2444 3036 sama

1419 3068 1583 3137 serpit
1618 3068 1853 3137 primum
1890 3083 1987 3135 per
2030 3061 2281 3136 Lydiam,
2321 3078 2443 3114 mox

1421 3163 1518 3214 per
1538 3144 1764 3200 vicinam
1784 3143 2099 3215 Phrygiam,
2114 3137 2329 3194 tandem
2344 3158 2441 3208 per

1422 3231 1597 3276 totum
1621 3232 1884 3274 terrarum
1908 3221 2093 3274 orbem
2112 3258 2128 3284 ,
2161 3226 2440 3288 penetrat-

1423 3320 1527 3370 que
1544 3298 1678 3353 adeo
1701 3309 1756 3352 et
1776 3297 1987 3354 Thebas
2007 3297 2073 3352 ad
2097 3298 2318 3354 Nioben.

1494 3382 1601 3451 ¹49·
1625 3380 1895 3432 Maeniam
1911 3418 1924 3439 ,
1964 3378 2323 3449 imprimisque
2347 3380 2440 3431 Si—

1411 3461 1589 3532 pylum
1614 3457 1833 3510 colebat.
1852 3457 1989 3512 Nam
2006 3460 2210 3531 Sipylus
2221 3466 2275 3511 et
2291 3475 2445 3512 mone

1422 3547 1477 3589 et
1504 3535 1626 3588 urbs
1651 3534 1846 3607 Lydia.
1870 3536 2008 3590 Plin.
2033 3536 2088 3590 11
2103 3574 2121 3602 ,
2144 3540 2223 3608 59.
2246 3534 2441 3590 Anacr.

1424 3612 1534 3671 Od.
1584 3631 1681 3679 ao,
1724 3624 2041 3668 annumerat
2075 3613 2290 3683 quidem
2324 3631 2442 3668 eam

1425 3693 1670 3765 Phrygiae
1689 3716 1703 3759 ;
1727 3693 1819 3748 sed
1841 3693 2003 3767 Lydia
2020 3693 2181 3748 relata
2195 3692 2323 3748 olim
2345 3693 2444 3748 suit

1423 3791 1455 3824 a
1494 3772 1672 3825 multia
1714 3771 1778 3825 ad
1824 3771 2110 3844 Phrygiam
2166 3771 2437 3841 Magnam.

1426 3851 1548 3905 vid.
1571 3851 1762 3907 Strabo
1781 3891 1798 3920 ,
1824 3853 1909 3920 11,
1938 3872 1987 3922 p.
2012 3855 2092 3925 89.
2118 3851 2293 3906 Etiam
2319 3871 2441 3910 mox

1422 3950 1577 3986 versu
1605 3951 1693 4004 ¹77
1712 3973 1729 4001 ,
1750 3941 1924 4001 gentes
1946 3934 2187 4004 Phaeygie.
2208 3932 2255 3987 E
2270 3934 2445 3989 Meo-

1425 4012 1513 4065 nia
1552 4032 1670 4067 eam
1703 4032 1828 4068 cum
1863 4012 2057 4082 Pelope
2087 4013 2144 4068 in
2172 4013 2441 4084 Pelopon-

1423 4109 1613 4145 nesum
1640 4092 1839 4147 veniae
1860 4131 1876 4160 ,
1911 4101 2058 4162 putat
2094 4093 2337 4167 Heynius
2373 4094 2440 4147 ad

1427 4173 1670 4243 Apollod.
1693 4175 1746 4229 «ι.
1770 4175 1802 4228 1.
1826 4214 1841 4242 ,
1869 4175 1967 4231 nisi
1995 4177 2168 4247 potius
2191 4177 2248 4230 in
2274 4173 2444 4246 Lydia
