2975 4784
553 374 673 442 172

1077 351 1159 414 P.
1236 348 1506 418 OVID
1525 349 1603 417 11
1661 347 2113 421 NASONIS

542 491 755 563 Nocte
783 485 1020 588 dieque
1048 489 1323 577 vocant}
1359 489 1962 590 adsternunturque
1996 488 2324 592 sepulcro.

545 605 739 677 Luna
776 621 1009 704 quater
1034 605 1282 704 junctis
1313 605 1625 706 implerat
1659 606 1981 681 cornibus
2011 607 2289 680 orbem:

544 718 686 792 Illae
717 748 901 794 more
933 748 1091 809 suo,
1129 750 1283 795 nam
1314 750 1568 795 morem
1600 721 1843 797 fecerat
1872 752 2034 797 usus
2053 777 2073 813 ,

2582 744 2690 812 345

546 833 946 933 Plangorem
984 835 1299 911 dederant
1326 866 1343 910 ε
1376 867 1412 911 e
1448 838 1638 939 queis
1671 838 2002 914 Phaetusa
2034 868 2343 913 sororum

550 952 845 1027 Maxima
864 1010 884 1041 ,
924 984 1129 1055 quum
1160 952 1358 1028 vellet
1392 971 1580 1027 terrae
1611 956 2084 1055 procumbere,
2121 973 2352 1057 questa
2380 972 2485 1030 est

547 1067 922 1164 Diriguisse
953 1070 1156 1171 pedes
1184 1101 1200 1143 :
1231 1068 1314 1143 ad
1348 1098 1547 1170 quam
1581 1086 1821 1144 conata
1851 1070 2073 1145 venire

552 1184 851 1260 Candida
882 1186 1253 1288 Lampetie,
1293 1185 1516 1259 subita
1548 1185 1766 1260 radice
1797 1203 2055 1260 retenta
2085 1202 2205 1258 est.

546 1301 807 1390 Tertia,
848 1332 1056 1404 quum
1085 1303 1332 1377 crinem
1364 1303 1676 1376 manibus
1704 1300 1949 1377 laniare
1978 1319 2283 1404 pararet,

2586 1321 2689 1374 350

545 1420 796 1496 Avellit
828 1420 1151 1497 fiondes:
1182 1420 1321 1496 haec
1356 1418 1583 1521 stipite
1618 1448 1811 1493 crura
1851 1419 2098 1507 teneri,

547 1535 673 1610 llla
707 1536 891 1611 dolet
923 1538 1066 1613 fieri
1102 1537 1346 1634 longos
1377 1566 1496 1610 sua
1530 1534 1802 1609 brachia
1832 1563 2075 1608 ramos.

548 1652 864 1753 Dumque
901 1682 976 1728 ea
1009 1653 1365 1742 mirantur;
1405 1650 1872 1752 complectitur
1891 1647 2168 1744 inguina
2195 1664 2472 1735 corte13

549 1768 810 1866 Perque
834 1767 1079 1863 gradus
1103 1785 1390 1854 uterum,
1410 1782 1801 1867 pectusque,
1820 1765 2290 1866 humerosque,
2318 1791 2687 1865 manusque

544 1882 821 1971 Ambit;
854 1901 922 1956 et
955 1883 1304 1957 exstabant
1338 1900 1597 1956 tantum
1630 1911 1746 1955 ora
1775 1882 2077 1956 vocantia
2110 1900 2404 1956 matrem.

2587 1901 2689 1956 355

549 2000 739 2098 Quid
768 1999 965 2075 faciat
996 2016 1234 2088 mater,
1268 1998 1431 2087 nisi,
1469 2028 1604 2100 quo
1643 1999 1863 2074 trahat
1892 1999 2181 2102 impetus
2213 1999 2428 2088 illam,

547 2127 703 2199 Huc
738 2142 878 2198 eat.
922 2141 1121 2225 atque
1154 2121 1350 2212 illuc3
1384 2141 1486 2213 et,
1524 2123 1683 2198 dum
1716 2121 1908 2212 licet,
1947 2122 2174 2198 oscula
2200 2124 2495 2224 jungat?

543 2250 703 2322 Non
738 2246 898 2322 satis
932 2264 1034 2320 est
1067 2276 1083 2320 ε
1119 2247 1371 2321 truncis
1404 2246 1679 2321 avellere
1716 2276 1997 2349 corpora
2027 2264 2271 2335 tentat3

547 2372 641 2445 Et
675 2387 939 2444 teneros
972 2369 1281 2443 manibus
1315 2398 1537 2444 ramos
1572 2371 1966 2472 abrumpere
1996 2400 2013 2442 ε
2044 2388 2112 2444 at
2144 2367 2299 2443 inde

550 2493 939 2589 Sanguineae
967 2509 1279 2581 manant,
1310 2510 1626 2594 tanquam
1661 2492 1740 2566 de
1771 2490 2070 2584 vulnere,
2109 2510 2335 2589 guttae.

2593 2515 2692 2570 360

554 2652 591 2683 «
630 2620 869 2708 Parce,
907 2646 1178 2719 precor,
1214 2635 1454 2707 mater,
1500 2646 1927 2719 quaecumque
1960 2636 2062 2692 est
2092 2619 2310 2692 saucia
2344 2616 2631 2707 clamat;

554 2776 591 2808 »
632 2742 874 2832 Parce,
910 2770 1180 2844 precor3
1218 2758 1528 2816 nostrum
1564 2740 1854 2817 laniatur
1886 2741 1960 2814 in
1993 2742 2230 2817 arbore
2261 2753 2510 2845 corpus
2543 2773 2562 2816 ε

552 2951 635 3006 68.
676 2953 821 3006 Hinc
844 2950 1058 3004 AEneid.
1085 2950 1111 3004 Ι
1130 2989 1147 3015 ,
1176 2970 1305 3024 219,
1342 2969 1437 3004 aec
1452 2952 1574 3019 jam

549 3034 792 3086 exaudire
810 3037 1022 3084 vocatos
1034 3070 1049 3093 ,
1077 3039 1318 3084 mortuos
1339 3049 1464 3085 esse.

617 3110 730 3176 344.
760 3111 910 3164 Luna
930 3116 1111 3179 quater
1127 3121 1225 3164 etc.
1262 3111 1453 3163 Luctus
1477 3128 1574 3179 per

551 3199 758 3243 certum
797 3200 1005 3262 tempus
1032 3231 1048 3258 ,
1094 3191 1257 3261 idque
1302 3188 1574 3244 interdum

556 3268 679 3324 satis
698 3267 919 3340 longum
938 3310 954 3338 ,
985 3269 1240 3338 durabat,
1262 3288 1409 3323 nunc
1430 3287 1574 3338 qua-

551 3359 676 3402 tuor
701 3367 908 3402 menses
924 3389 939 3416 ,
967 3347 1110 3418 quod
1134 3348 1335 3417 poetice
1359 3365 1570 3417 expres-

549 3445 669 3478 sum
686 3448 700 3490 ;
716 3424 819 3479 vid.
834 3424 901 3478 ad
913 3444 1045 3478 vers.
1060 3426 1171 3492 453.
1188 3425 1227 3477 J
1228 3443 1314 3477 am
1326 3424 1575 3478 transfor-

551 3506 812 3559 mationes
838 3523 935 3575 per
956 3514 1129 3574 partes
1154 3522 1334 3558 rursus
1365 3502 1574 3557 deseri-

552 3583 646 3637 bit.
673 3582 761 3637 Cf.
784 3585 840 3651 1,
866 3584 1099 3650 548-552
1120 3603 1135 3647 ς
1159 3583 1240 3636 lx
1259 3622 1275 3650 ,
1303 3583 1573 3647 351-3583

553 3659 609 3715 X
627 3698 643 3725 ‚
684 3662 937 3730 489-500.
977 3659 1086 3714 Sed
1129 3658 1316 3714 Claud.
1355 3676 1537 3713 xxvm
1555 3698 1571 3726 ,

556 3738 669 3805 164,
688 3736 848 3790 alium
861 3736 1106 3809 myssmm
1120 3738 1448 3807 sequitur,ex
1466 3756 1575 3807 quo

554 3813 807 3871 Heliades
824 3834 948 3868 curn
963 3813 1199 3868 Eridano
1213 3826 1268 3867 et
1285 3812 1473 3886 Cycno
1490 3815 1576 3868 in-

555 3905 638 3950 ter
662 3891 833 3948 sidera
854 3890 1050 3946 relatae.

621 3973 734 4045 349.
763 3971 1027 4034 condedo,
1053 3967 1295 4039 pulchra,
1326 3969 1576 4038 frequens

554 4053 851 4122 puellarum
875 4049 1169 4121 epitheton.
1198 4077 1265 4089 —
1287 4049 1465 4102 Sabe'Ia
1483 4068 1573 4101 ra-

548 4136 660 4186 dice
680 4173 696 4199 ,
758 4132 818 4186 in
859 4147 1018 4200 quam
1053 4126 1218 4199 pedes
1255 4127 1370 4197 ejus
1401 4126 1576 4182 subito

1671 2950 1862 3006 mutati
1892 2960 2032 3004 sunt.
2058 2978 2126 2993 -
2168 2952 2342 3005 Tema
2367 2951 2477 3006 aliis
2497 2951 2696 3026 AEgle,

1671 3031 1782 3085 aliis
1804 3030 2004 3085 Phoebe
2027 3041 2119 3086 est.

1736 3108 1851 3162 356.
1889 3111 2098 3161 Trakat-
2128 3106 2349 3163 Codices
2371 3111 2543 3164 nostri
2575 3120 2698 3164 tn—

1670 3189 1751 3241 he’t
1763 3227 1779 3251 ‚
1808 3186 1949 3257 quod
1967 3185 2305 3258 protulerim.
2320 3189 2420 3240 Ed.
2437 3216 2508 3229 -·
2527 3191 2700 3259 Inpe-

1670 3273 1790 3327 tus,-
1814 3285 1959 3320 nunc
1983 3265 2280 3335 oppositum
2302 3265 2528 3332 rationi,
2561 3286 2701 3321 con-

1668 3346 1785 3399 silio
1810 3385 1826 3412 ,
1871 3347 2118 3399 affectum
2153 3356 2206 3399 et
2239 3346 2700 3416 perturbationem

1672 3426 1835 3479 animi
1861 3423 2321 3484 vehementiorem
2352 3423 2553 3479 indicat
2571 3445 2597 3491 ς
2634 3423 2700 3478 de

1672 3522 1734 3556 ea
1767 3512 1907 3556 recte
1939 3504 2147 3554 trahem.

1760 3584 1873 3655 359.
1922 3583 2242 3650 Abmmpem.
2289 3581 2475 3638 Nostri
2522 3580 2701 3637 codd.

1672 3665 1935 3727 abrumpit.

1738 3737 1853 3791 361.
1874 3739 2038 3790 Parte
2051 3754 2246 3803 precor.
2268 3745 2368 3790 etc.
2396 3735 2488 3790 sie
2512 3734 2701 3807 Vin-gil.

1672 3815 1887 3869 AEneid.
1919 3816 2038 3883 111,
2083 3818 2141 3882 41
2186 3834 2199 3868 z
2257 3816 2401 3882 Quid
2427 3819 2700 3879 ahenea,

1670 3898 1839 3949 AEaea
1855 3936 1870 3960 ,
1895 3899 2094 3948 laceras
2105 3895 2262 3963 Pium
2278 3914 2439 3961 parce
2461 3899 2663 3963 sepulto
2684 3915 2702 3947 .·

1671 3976 1833 4027 Parce
1844 3978 1967 4041 pias
1986 3976 2231 4026 scelerare
2257 3991 2453 4026 nanus.

1737 4052 1851 4107 362.
1877 4054 2141 4106 Laneztur.
2169 4051 2343 4108 Codd.
2368 4052 2706 4123 Regii,late—

1671 4134 1826 4183 ratur.
1863 4157 1932 4172 --
1956 4131 2140 4185 Codes
2171 4136 2227 4186 ἐκ
2245 4134 2397 4184 verba
2423 4135 2704 4185 nouissima
