2975 4784
629 395 1694 488 METAMORPHOSEON
1747 401 1938 467 LIB.
2000 402 2135 471 IV.

431 533 626 609 Unde
658 536 746 609 sit
772 534 1071 624 infamis3
1109 565 1308 638 quare
1340 536 1508 612 male
1539 538 1827 612 fortibus
1860 538 2056 614 undis

2309 399 2439 467 313

2342 559 2441 615 285

284 631 291 640 ο
338 650 651 725 Salmacis
686 669 979 741 enervet,
1017 669 1355 753 tactosque
1388 651 1719 727 remolliat
1751 671 1966 740 artu8‚

339 766 593 839 Discite
624 796 640 839 :
669 794 862 840 causa
894 765 1055 840 latet
1087 797 1103 839 ε
1136 768 1236 840 vis
1271 785 1373 841 est
1407 768 1752 842 notissima
1785 768 2007 842 fontis.

337 881 673 965 Mercurio
708 909 987 981 puerum
1023 881 1171 956 diva
1204 881 1597 982 Cythereide
1629 900 1859 956 natum

338 996 581 1070 Naides
615 996 807 1070 Idaeis
841 998 1203 1072 enutrivere
1239 998 1368 1072 sub
1400 998 1646 1086 antris;

336 1111 543 1211 Cujus
578 1130 718 1186 erat
749 1113 948 1187 facies
968 1170 987 1204 ,
1026 1116 1095 1187 in
1131 1144 1262 1214 qua
1288 1131 1627 1213 materque
1660 1130 1978 1213 paterque

2349 1148 2444 1204 ²90

336 1228 669 1323 Cognosci
702 1245 1026 1328 possent:
1058 1257 1303 1303 nomen
1338 1257 1604 1330 quoque
1637 1228 1837 1302 traxit
1869 1229 1952 1303 ab
1985 1225 2147 1302 illis.

329 1345 436 1432 Is,
470 1343 596 1417 tria
628 1372 833 1444 quum
866 1345 1155 1446 primum
1183 1345 1340 1420 fecit
1369 1344 1855 1446 quinquennia,
1889 1361 2151 1418 montes

326 1519 603 1587 gnomines
623 1519 811 1573 mutati
833 1530 970 1574 sunt.
993 1548 1061 1561 —
1078 1518 1238 1574 Multi
1259 1520 1341 1575 le-
1431 1519 1595 1572 miam
1627 1517 1887 1571 amolitur.
1912 1518 2104 1572 Noster
2124 1536 2242 1572 rem
2264 1535 2439 1571 rursus

325 1607 459 1664 gunt
485 1598 686 1651 Hilace.
713 1597 1024 1667 Salmasius,
1046 1600 1103 1653 in
1129 1599 1335 1654 exercit.

323 1672 391 1726 ad
416 1673 554 1727 Ptin.
582 1676 674 1744 733
693 1714 709 1742 ,
749 1676 902 1731 docet
917 1677 1129 1731 differre
1152 1680 1335 1731 Smila-

322 1769 432 1803 σιω
454 1761 509 1803 et
528 1753 778 1806 ‘filu-em.
804 1752 942 1807 Vide
963 1763 1137 1807 tamen
1163 1753 1336 1806 Mun-

320 1827 432 1881 ker.
457 1826 522 1880 ad
547 1828 778 1884 Lactant.
812 1831 1032 1902 Argum.
1055 1859 1122 1873 —
1154 1832 1333 1885 Nostri

323 1923 534 1976 quoque
561 1907 709 1976 Regii
725 1946 741 1974 ,
767 1911 970 1963 Asilas-e.
995 1938 1063 1953 -
1098 1912 1291 1964 Tenebo
1314 1950 1330 1972 ‚

323 1982 689 2037 oblectabo.--
705 1988 930 2049 Νονίίω,
951 1988 1195 2042 nondum
1215 1989 1333 2042 vul-

324 2071 442 2128 gata
483 2062 652 2116 sabula
682 2084 694 2123 ς
732 2081 882 2116 novas
926 2075 1101 2118 autem
1148 2066 1331 2122 sabula

320 2140 492 2191 dulces
513 2149 654 2205 sunt,
674 2139 1008 2195 libentissime
1027 2142 1329 2197 audiuntur.

322 2214 512 2269 Horat.
534 2217 598 2270 A.
615 2218 675 2271 P.
693 2219 809 2288 223,
822 2227 970 2286 grata
984 2226 1201 2274 novilale
1221 2242 1331 2276 mo-

319 2298 760 2362 adspectatores.

384 2373 497 2424 285.
530 2371 749 2440 Infantis
781 2374 916 2443 apud
943 2376 1164 2429 Veteres
1201 2377 1328 2429 Sa!-

316 2451 505 2510 mz's,
546 2448 664 2502 sons
691 2447 895 2518 Cariae‘,
934 2450 1036 2505 boc
1068 2453 1286 2505 nomine
1306 2492 1322 2520 ,

318 2524 460 2593 quod
492 2546 555 2579 ex
578 2546 644 2580 eo
664 2527 902 2583 bibentes
923 2570 938 2597 ,
968 2549 1136 2599 eoque
1160 2551 1214 2585 se
1249 2532 1329 2584 la-

316 2614 499 2658 vantes
514 2606 785 2659 effeminet
800 2647 816 2673 ‚
841 2606 1142 2678 molliatque
1160 2624 1174 2659 t
1190 2611 1327 2663 cons.

316 2680 452 2749 XV,
492 2681 605 2756 319.
643 2682 870 2738 Causam
907 2685 1063 2755 buius
1098 2688 1324 2742 infamia

313 2760 667 2827 quaivemnt
679 2763 847 2816 multi.
868 2764 1130 2832 Vitruvio,
1157 2766 1212 2820 11
1227 2806 1242 2833 ,
1260 2767 1320 2834 8,

312 2835 558 2889 credibile
588 2838 796 2891 videtur
818 2879 834 2906 ,
879 2838 1041 2896 Caras
1077 2842 1323 2897 barbaros

313 2923 369 2965 et
389 2914 632 2968 efferatos
657 2915 930 2971 dulcedine
968 2918 1125 2989 buius
1161 2922 1321 2976 sontis

313 2988 522 3044 allectos
558 3010 666 3046 esse
694 3032 709 3059 ,
754 3003 814 3046 ut
849 3013 911 3047 ex
945 2997 1212 3051 montibus
1253 2996 1321 3050 ad

315 3086 442 3121 eum
463 3068 830 3140 decurrerent,
854 3072 1028 3142 ibique
1042 3112 1057 3139 ,
1083 3094 1247 3143 quum
1263 3075 1320 3128 in

313 3164 481 3199 unam
501 3149 800 3203 societatem
829 3150 1164 3218 coaluissent,
1190 3169 1323 3223 pau·
1370 3195 1377 3206 .

312 3224 462 3278 latim
492 3227 754 3281 molliores
780 3246 952 3281 mores
980 3242 1320 3284 assumerent.

314 3301 397 3355 Ex
423 3314 602 3358 mente
627 3316 803 3359 autem
820 3304 964 3360 Sexti
978 3307 1217 3376 Pompeii
1229 3327 1319 3361 ne-

310 3379 474 3448 quitia
484 3400 770 3450 puerorum
782 3383 1320 3453 puellarumque-,pro-

306 3458 507 3513 miscue
531 3461 585 3514 in
612 3461 713 3515 boc
739 3483 793 3516 se
822 3463 969 3516 sonte
996 3463 1280 3517 lavantium
1300 3504 1316 3530 ,

307 3536 567 3606 originem
589 3540 819 3595 insamioe
833 3539 1063 3595 dederat.
1092 3541 1174 3595 Ab
1188 3542 1320 3594 effe-

303 3615 517 3669 minatis
531 3618 820 3671 accolarum
834 3619 1067 3673 moribus
1077 3619 1215 3672 hanc
1230 3619 1320 3671 in-

303 3693 521 3746 famiam
547 3705 726 3764 poetas
759 3695 1076 3749 transtulisse
1100 3696 1162 3750 ad
1188 3698 1318 3749 son-

303 3779 435 3836 tem,
448 3782 633 3825 monet
646 3772 839 3825 Strabo
851 3812 865 3840 ,
887 3773 972 3826 lib.
984 3773 1135 3827 XIV.
1148 3774 1316 3829 Aucta

307 3860 384 3903 est
405 3850 580 3904 sabula
602 3869 686 3917 eo,
705 3849 844 3920 quod
859 3851 1025 3905 vicina
1040 3864 1190 3906 erant
1206 3854 1317 3907 Ve-

307 3928 450 3982 neris
465 3937 519 3982 et
534 3927 787 3981 Mercurii
810 3927 1003 3998 templa
1022 3969 1037 3996 ,
1059 3949 1173 4000 quae
1182 3933 1315 3983 Her·-

304 4008 670 4074 naphmdum
687 4016 998 4076 genuerunt.
1018 4007 1081 4060 ln
1102 4008 1314 4062 Anthol.

1431 1617 1494 1650 ex
1523 1596 1706 1650 sabulis
1726 1597 1928 1666 repetit.
1961 1595 2204 1650 Pluribus
2230 1595 2440 1649 virtuti-

1428 1673 1527 1727 bus
1542 1672 1697 1742 buius
1720 1673 1819 1726 loci
1845 1673 2082 1727 tractatio
2096 1671 2440 1727 commenda-

1429 1760 1532 1803 tur.
1581 1751 1870 1805 Amoeuitas
1909 1751 2067 1804 sontis
2092 1790 2109 1817 ,
2153 1750 2395 1803 mollities
2420 1788 2437 1815 ,

1427 1828 1688 1882 blanditiae
1704 1869 1720 1896 ,
1741 1832 1770 1883 s
1766 1848 1890 1882 uror
1904 1838 1957 1882 et
1971 1829 2264 1883 colluctatio
2275 1829 2438 1900 Nym·

1426 1906 1562 1976 phe,
1576 1918 1688 1960 tum
1700 1907 1997 1978 simplicitas
2008 1908 2155 1978 pueri
2167 1908 2301 1960 bene
2313 1916 2438 1959 sunt

1428 1975 1680 2054 descripta
1695 1995 1747 2038 et
1763 1985 1997 2054 plurimis
2013 1982 2437 2038 similitudinibus

1427 2072 1686 2115 exornata.
1707 2060 2098 2129 —Malefhrtes
2121 2060 2318 2113 dictum
2336 2096 2353 2125 ,
2378 2069 2438 2112 ut

1431 2137 1522 2207 187
1541 2177 1556 2203 ‚
1583 2158 1682 2190 non
1719 2143 1920 2204 tristis,-
1958 2142 2090 2192 male
2122 2137 2269 2189 enim
2301 2153 2434 2205 sepe

1426 2225 1584 2283 negat
1600 2254 1615 2281 ,
1640 2224 1701 2267 ut
1723 2219 1855 2267 male
1873 2234 2055 2277 sanus,
2084 2218 2216 2267 male
2225 2217 2434 2266 sobrius.

1424 2319 1494 2331 —
1511 2294 1806 2355 Bemollc’at,
1834 2291 2048 2344 molliat.
2063 2291 2164 2343 Vix
2174 2290 2277 2343 boc
2287 2308 2435 2343 oom-

1425 2371 1653 2439 positum
1669 2370 1741 2424 sic
1753 2369 1890 2440 apud
1907 2370 2256 2439 antiquiorem
2271 2370 2436 2439 scrip·

1426 2456 1599 2500 torem
1630 2447 1868 2500 occurrit.
1898 2445 2206 2500 Secundum
2227 2445 2432 2499 Vitruv.

1423 2544 1627 2578 venereo
1659 2528 1827 2577 motio
1863 2527 2160 2593 einpltkabat
2193 2522 2289 2593 (in
2327 2542 2433 2576 ve-

1422 2619 1611 2656 nerem
1628 2601 1879 2671 proclives
1894 2599 2182 2670 reddebat)
2202 2618 2291 2653 eos
2303 2639 2319 2666 ,
2343 2600 2434 2669 qui

1419 2677 1546 2732 inde
1561 2678 1819 2732 biberant.
1843 2680 1952 2733 Pro
1977 2696 2041 2731 eo
2064 2696 2187 2730 mox
2209 2716 2225 2744 ,
2259 2680 2433 2730 nolles

1418 2765 1473 2812 e!
1503 2760 1785 2826 ‹repudia-os
1828 2760 2042 2812 reddere.
2077 2755 2168 2812 Sic
2205 2768 2260 2811 et
2293 2756 2429 2827 apud

1419 2833 1737 2889 Strabonem
1775 2834 1824 2887 d.
1870 2834 1902 2887 l.
1941 2842 2211 2903 μαλακίζειν
2246 2834 2429 2903 capies.

1421 2911 1606 2981 Quam
1621 2913 1729 2966 vim
1747 2923 1926 2966 autem
1950 2913 2144 2968 Noster
2165 2911 2217 2964 h.
2233 2931 2282 2964 v.
2303 2911 2426 2965 sub-

1416 2992 1599 3061 jecerit
1614 3033 1630 3060 ,
1655 3014 1716 3047 ex
1737 3012 1893 3048 versu
1917 2993 2015 3048 385
2029 3033 2045 3060 ,
2065 3002 2275 3064 apparet
2300 3032 2314 3060 ,
2338 2993 2428 3046 sa·-

1416 3092 1535 3127 cere
1557 3073 1878 3128 semivirum.
1907 3102 1978 3115 --
2009 3076 2196 3135 Latet,
2237 3091 2425 3142 nempe

1416 3150 1587 3220 vulgo.
1616 3151 1759 3221 Ergo
1785 3151 2025 3205 Alcithoe
2056 3170 2173 3204 eam
2197 3151 2305 3206 vult
2330 3171 2430 3207 ex-

1416 3227 1622 3297 plicare.
1642 3254 1720 3270 ·-
1746 3231 1864 3288 Vir,
1900 3227 2087 3281 natura
2110 3229 2369 3283 mirabilis.

1481 3305 1592 3358 288.
1617 3306 1866 3357 Mercurio
1882 3325 2102 3372 puerum.
2124 3308 2285 3361 Hunc
2304 3327 2426 3379 pue·

1413 3401 1567 3450 rum,
1606 3401 1635 3434 a
1660 3383 1960 3452 parentibus
1997 3385 2426 3454 Hermaphrodi-

1414 3472 1531 3515 tum
1549 3462 1748 3515 dictum
1764 3500 1780 3528 ,
1807 3462 2079 3534 Hyginus,
2096 3464 2196 3518 sab.
2213 3485 2304 3533 27¹
2325 3504 2342 3531 ,
2367 3465 2422 3518 in

1413 3540 1626 3611 ephebis
1664 3542 2043 3596 formosissimis
2074 3554 2326 3597 recenset.
2358 3572 2422 3585 —

1412 3619 1635 3683 Naides‚·
1661 3615 1843 3671 Codex
1859 3617 2053 3691 Regius
2071 3619 2117 3673 A
2130 3660 2146 3686 ‚
2165 3622 2391 3674 Naiades
2402 3663 2417 3686 ,

1413 3706 1473 3749 ut
1491 3697 1599 3764 iam
1613 3697 1921 3752 notavimus.
1935 3701 2035 3752 Ed.
2050 3727 2116 3739 —
2127 3701 2191 3753 In
2206 3720 2306 3770 qua
2318 3711 2414 3755 etc.

1411 3776 1551 3829 Plin.
1574 3778 1646 3844 V,
1671 3776 1766 3847 Ep.
1793 3794 1886 3831 xvr
1903 3816 1919 3845 ,
1961 3777 2067 3831 filia
2088 3786 2284 3846 patrem
2316 3800 2418 3834 es·—

1410 3858 1706 3921 scripserat,
1730 3852 1891 3908 veluti
1916 3854 1980 3907 ad
2005 3854 2289 3926 imaginem
2312 3875 2417 3926 pa-

1410 3930 1502 3984 tris
1533 3931 1665 4000 picta
1688 3940 1815 3985 erat.
1839 3959 1905 3971 —
1944 3933 2200 4002 Cognosci.
2226 3934 2382 3988 Unus
2398 3971 2414 4000 ,

1407 4014 1632 4077 agnosci.
1676 4009 1830 4080 Regii
1871 4013 2036 4066 nostri
2077 4013 2273 4067 babent
2316 4031 2416 4064 co-

308 4101 358 4151 p.
387 4084 507 4151 130,
533 4093 693 4137 exstat
720 4084 1038 4154 epigramma
1066 4086 1271 4156 elegans
1294 4128 1310 4156 ,
1402 4094 1596 4158 ὄπωπ’.

307 4159 451 4229 quod
483 4180 700 4217 omnem
738 4161 801 4217 ab
839 4160 939 4217 hoc
985 4164 1130 4220 sonte
1167 4163 1310 4218 insa—

1472 4189 1583 4241 292·
1600 4171 2100 4239 stet'Ique’nquenm‘a.
2120 4173 2305 4224 Facere
2324 4183 2418 4217 au·-
