2975 4784
471 415 559 501 4ο
1350 417 1728 487 SERIES

462 574 726 631 caeteras
749 557 937 657 pinus
976 583 1058 630 ex
1108 557 1256 663 Αζγ
1293 575 1491 659 atque
1527 585 1844 659 cupressus
1875 586 1911 631 e
1951 554 2288 662 Cyparisso
2320 573 2597 632 mutata.

469 671 770 763 Canebat
801 688 1020 746 autem
1064 670 1174 746 ille
1221 673 1301 747 de
1352 692 1550 774 raptu
1603 670 2015 779 Ganymedis,
2082 670 2164 745 de
2209 670 2593 777 Hyacinthi,

462 788 547 862 ab
578 786 896 889 Apolline
925 789 1120 863 amati
1149 807 1218 863 et
1252 790 1614 876 interfecti,
1650 790 1723 861 in
1773 786 2163 894 leflczntlemn
2195 786 2477 875 florem,
2520 788 2602 862 de

475 902 911 978 Cer-astarum
892 934 962 978 m
988 921 1193 981 tauros
1215 966 1231 992 ,
1271 906 1352 980 de
1379 905 1920 1007 Propoetidarum
1901 933 1973 979 in
1997 903 2231 1004 laptiles
2252 963 2270 990 ,
2311 904 2394 978 de
2425 905 2604 1006 Pyg-

468 1018 778 1094 malionis
811 1035 1012 1094 statua
1042 1020 1112 1094 in
1143 1021 1448 1094 mulierem
1475 1021 1679 1095 vivam
1731 1026 1762 1117 (
1789 1020 1966 1094 unde
1999 1037 2197 1094 uatus
2229 1018 2550 1118 Paphus)
2578 1078 2596 1106 ,

472 1135 551 1208 de
587 1135 910 1242 Myrrha,
947 1154 1225 1238 propter
1254 1137 1581 1210 incestum
1615 1164 1764 1210 cum
1800 1153 1988 1237 patre
2024 1134 2451 1209 concubitum
2471 1191 2492 1222 ,
2532 1135 2605 1207 in

472 1249 800 1357 Myrrham
831 1252 1138 1326 arborem
1160 1308 1179 1340 ,
1211 1269 1409 1355 atque
1440 1251 1521 1326 de
1555 1250 1871 1327 Adonidis
1891 1311 1910 1337 ,
1950 1251 2057 1323 cui
2091 1253 2322 1324 Venus
2358 1249 2606 1351 Hippo-

472 1369 660 1442 menis
676 1386 744 1442 et
756 1369 1091 1444 Atalanta
1103 1369 1174 1441 in
1198 1366 1445 1471 templo
1468 1368 2052 1443 concumbentium
2077 1367 2147 1439 in
2170 1366 2371 1440 leones
2391 1385 2607 1441 trans-

471 1482 904 1561 formationes
937 1504 1342 1575 narraverat,
1384 1486 1456 1559 in
1490 1512 1839 1560 anemonem
1873 1483 2264 1558 mutatione.

572 1648 727 1720 LIB.
766 1648 885 1719 XI.
928 1645 1105 1718 Hinc
1145 1645 1437 1719 Thracia·
1465 1646 1744 1719 mulieres
1765 1672 1972 1743 quum
2006 1642 2281 1743 Orphea
2312 1641 2610 1743 discerp-

477 1760 752 1847 sissent,
788 1775 1094 1858 serpente,
1138 1761 1255 1859 qui
1289 1789 1364 1834 os
1404 1762 1546 1860 ejus
1579 1761 1882 1862 petebat,
1920 1760 1990 1832 in
2023 1758 2286 1858 lapidem
2314 1776 2605 1846 mutato,

475 1875 552 1948 in
581 1875 826 1949 arbores
855 1903 1184 1950 conversae
1216 1864 1376 1951 sunt
1401 1907 1439 1951 a
1461 1877 1760 1967 Baccho,
1801 1878 1917 1978 qui
1937 1932 1956 1964 ,
1991 1875 2219 1951 relicta
2236 1932 2254 1963 ‚
2288 1877 2379 1950 ob
2405 1876 2610 1949 inter-

478 1991 724 2066 sectum
743 2010 957 2068 vatem
974 1992 1256 2068 Thracia
1269 2049 1288 2080 ,
1312 1994 1384 2066 in
1406 1993 1763 2096 Phrygiam
1785 2022 1854 2068 se
1872 1991 2188 2080 contulit,
2210 1993 2338 2066 ubi
2356 1991 2604 2077 Midas,

483 2109 592 2183 cui
627 2137 752 2209 pro
802 2108 1031 2184 Sileno
1074 2109 1386 2183 restituto
1437 2111 1582 2184 auri
1630 2112 1863 2210 copiam
1910 2109 2086 2183 fecit.
2143 2109 2354 2208 Cujus
2409 2137 2615 2215 quum

484 2225 676 2300 illum
705 2226 1088 2327 poeniteret,
1127 2227 1200 2301 in
1235 2227 1500 2301 Pactolo
1542 2226 1721 2301 lotus
1764 2254 1980 2300 arenas
2025 2227 2166 2326 ejus
2209 2254 2426 2300 aureas
2468 2224 2616 2299 red-

483 2342 674 2417 didit.
717 2344 962 2419 Postea
989 2344 1290 2419 Phoebus
1323 2373 1448 2445 pro
1482 2344 1717 2446 iniquo
1738 2342 1990 2444 judicio
2017 2370 2194 2416 aures
2224 2340 2324 2414 illi
2355 2342 2621 2415 asininas

485 2459 746 2534 tribuit.
782 2459 944 2554 Quo
966 2458 1168 2547 sacto,
1187 2460 1459 2559 Trojam
1484 2459 1824 2560 profectus
1845 2456 2119 2560 Apollo,
2142 2455 2618 2531 Laomedontem

486 2603 717 2649 muros
750 2576 1082 2674 Trojanos
1117 2593 1565 2651 exstruentem
1606 2575 1876 2674 adjuvit.
1943 2575 2179 2650 Filiam
2203 2573 2354 2671 vejus
2384 2572 2622 2646 Hesio-

489 2721 604 2767 nen
622 2752 642 2780 ,
686 2720 846 2768 saxo
880 2691 1242 2789 alligatam,
1283 2691 1590 2767 liberavit
1622 2690 1943 2767 Hercules
1963 2748 1982 2780 ,
2020 2692 2372 2791 conjugem
2402 2708 2624 2765 autem

493 2808 686 2883 duxit
724 2809 1058 2895 Telamon,
1100 2806 1656 2910 quemadmodum
1701 2807 1927 2883 Peleus
1955 2807 2241 2882 Thetida
2297 2807 2622 2883 transfor-

492 2952 686 2997 mem.
750 2928 817 2999 Is
866 2926 948 3000 ad
1008 2926 1287 3027 Ceycem
1342 2943 1578 3026 postea
1629 2924 1971 3026 profectus
1996 2981 2016 3011 ,
2082 2924 2519 2999 Doedalionem
2552 2922 2624 2994 in

493 3040 830 3139 accioitoem
858 3099 876 3126 ,
939 3060 1008 3118 et
1036 3043 1247 3145 lupum
1288 3042 1361 3115 in
1406 3066 1629 3116 saxum
1663 3068 2054 3115 conversum
2074 3095 2095 3128 ‚
2151 3040 2397 3140 partim
2426 3035 2626 3112 intel-

493 3153 772 3242 lexerat,
808 3158 1050 3257 partim
1082 3159 1229 3260 ipse
1257 3157 1529 3232 viderat.
1594 3156 1728 3231 Sed
1776 3154 1951 3262 (39η-
1984 3156 2055 3229 in
2087 3155 2322 3230 itinere
2358 3156 2443 3229 ad
2463 3184 2627 3230 ora-

498 3269 723 3347 culum
755 3270 1051 3348 Clarium
1083 3291 1394 3375 suscepto
1433 3272 1634 3374 periit
1667 3269 2036 3366 naufragio.
2061 3271 2328 3345 Accidit
2355 3272 2626 3360 deinde,

497 3403 577 3459 ut
605 3385 963 3491 Halcyone,
1003 3389 1242 3463 marito
1279 3405 1440 3491 post
1473 3385 1894 3482 naustagium
1929 3385 2056 3459 sub
2092 3385 2393 3486 Morpkei
2418 3387 2634 3484 figura

501 3501 866 3575 secundum
902 3500 1192 3601 quietem
1228 3520 1587 3605 conspecto
1610 3556 1629 3589 ,
1659 3501 1732 3574 in
1758 3501 2086 3607 halcyonen
2114 3528 2332 3588 avem,
2364 3502 2541 3607 sicut
2564 3518 2634 3576 et

500 3616 798 3706 maritus,
826 3633 1210 3692 mutaretur.
1241 3618 1439 3716 Quos
1465 3617 1761 3697 volantes
1789 3645 1996 3719 quum
2019 3616 2636 3694 animadvertissent

504 3732 806 3835 quidam,
838 3733 1168 3810 AEsacmn
1188 3795 1207 3821 ‚
1249 3735 1499 3810 Priami
1529 3731 1773 3821 filium,
1822 3733 2160 3834 quondam
2208 3734 2280 3807 in
2313 3762 2580 3835 mefflan
2604 3792 2626 3821 ,

506 3849 620 3953 qui
656 3867 799 3925 tum
829 3849 1002 3924 forte
1036 3849 1263 3925 aderat
1281 3905 1302 3938 ‚
1334 3852 1689 3957 meminere
1727 3850 2288 3927 transformatum.

600 4025 755 4098 LIB.
787 4024 942 4097 XII.
1007 4021 1187 4095 Huic
1217 4039 1359 4096 tum
1390 4022 1683 4098 Priamus
1711 4043 1930 4127 pater,
1970 4044 2288 4127 tanquam
2320 4041 2593 4099 mortuo
2617 4078 2642 4113 ‚

501 4139 849 4242 exsequias
874 4139 1034 4214 fecit
1052 4167 1186 4215 una
1211 4167 1362 4215 cum
1384 4137 1574 4230 filiis,
1603 4159 1877 4244 excepto
1897 4141 2163 4229 Paride,
2202 4141 2318 4242 qui
2344 4141 2415 4216 in
2446 4142 2638 4219 Grae-
