2975 4784
593 331 720 373 222

1131 305 1210 368 P.
1264 303 1625 375 OVIDII
1676 304 2126 375 NASONIS

586 443 951 532 Exsilium,
986 428 1385 545 sacto'piuS,
1420 462 1487 519 et
1525 427 1877 522 sceleratus
1911 445 2165 521 eodem.
2676 467 2702 518 5

589 560 776 634 Orbe
809 577 1187 661 pererrato,
1227 560 1379 661 quis
1412 560 1588 635 enim
1625 561 2028 662 deprendere
2062 561 2282 663 possit

582 681 789 753 Furta
818 680 863 750 J
866 677 1055 752 ovis?
1084 676 1415 779 profugus
1443 678 1891 779 patriamque,
1926 679 2221 779 iramque
2251 678 2546 780 parentis

583 796 773 870 Vitat
803 794 1266 891 Agenorides;
1302 795 1676 896 Pboebique
1713 793 1979 869 oracula
2010 792 2295 897 supplex

587 910 936 999 Consulit,
972 927 1041 985 et
1075 939 1221 1011 quae
1257 910 1347 984 sit
1384 908 1578 984 tellus
1608 909 2004 998 habitanda,
2040 910 2338 1012 requirit.

588 1061 623 1092 «
658 1028 796 1101 Bos
834 1025 1002 1114 tibi,
1038 1024 1343 1100 Phoebus
1376 1025 1508 1112 ait,
1543 1023 1705 1099 solis
1732 1042 2034 1100 occurret
2068 1025 2137 1096 in
2172 1024 2378 1111 arViS‚
2654 1061 2705 1094 ιο

587 1183 623 1215 »
661 1147 938 1222 Nullum
970 1174 1165 1247 passa
1193 1147 1468 1245 jugum,
1507 1146 1822 1248 curvique
1856 1147 2172 1220 immunis
2204 1146 2423 1220 aratri.

588 1305 625 1338 »
665 1274 809 1346 Hac
842 1270 1010 1345 duce
1043 1296 1236 1369 carpe
1269 1268 1445 1358 vias»,
1481 1285 1580 1357 et,
1621 1298 1752 1369 qua
1783 1268 2180 1369 requieverit
2209 1267 2447 1354 herba,

587 1428 625 1461 »
666 1392 922 1469 Moenia
952 1391 1055 1465 fac
1082 1389 1332 1465 condas
1350 1445 1370 1479 ‚
1400 1391 1797 1492 Boeotiaque
1832 1389 1946 1465 illa
1972 1408 2230 1466 vocato.
2261 1424 2299 1457 »

746 1517 880 1591 Vix
910 1517 1086 1591 bene
1118 1513 1411 1602 Castalio
1450 1515 1744 1592 Cadmus
1773 1514 2201 1591 descenderat
2229 1532 2421 1589 antro
2452 1541 2471 1602 3

583 1723 671 1768 tro
689 1733 704 1778 ς
728 1711 903 1780 itaque
921 1729 1038 1765 eam
1057 1750 1073 1778 ,
1092 1711 1173 1765 lx
1187 1752 1202 1774 ‚
1228 1712 1327 1778 408
1342 1750 1358 1776 ,
1376 1709 1600 1779 repetiit.

584 1792 697 1847 Cic.
731 1790 843 1845 ΟΠ.
869 1789 955 1844 111
977 1830 995 1858 ,
1034 1790 1094 1843 31
1116 1829 1131 1858 ,
1172 1790 1236 1843 de
1262 1790 1328 1844 T.
1355 1788 1562 1842 Manlio
1581 1827 1597 1855 ‚

578 1874 674 1939 qul
699 1869 1053 1936 perindulgens
1090 1872 1147 1920 in
1173 1872 1371 1934 patrem
1395 1906 1409 1931 ,
1467 1869 1599 1920 idem

581 1951 760 2004 acerbe
781 1964 981 2001 severus
996 1947 1246 2016 infilium.

645 2028 695 2081 6.
718 2028 1121 2092 Orbeperermlo.
1146 2024 1352 2093 Nempe
1372 2021 1601 2093 aliquan·

583 2102 677 2156 diu
699 2102 755 2156 iu
780 2101 1006 2155 Thracia
1027 2100 1279 2154 habitavit
1295 2119 1418 2154 cum
1440 2099 1601 2153 Tele-

585 2181 768 2251 phassa
791 2189 993 2242 matre;
1020 2197 1186 2248 eaque
1202 2189 1441 2247 mortua,
1467 2178 1600 2232 Del-

582 2260 714 2329 phos
730 2260 992 2330 profectus
1011 2267 1090 2312 est
1103 2257 1373 2312 oraculum
1393 2256 1602 2312 consul-

586 2349 751 2390 turus.
798 2335 1041 2406 Apollod.
1085 2363 1154 2375 —
1188 2337 1360 2389 Furia.
1395 2331 1601 2389 Puella:

582 2426 773 2485 raptas.
797 2409 1063 2468 Pluralem
1084 2413 1284 2484 posuit,
1310 2423 1369 2466 ut
1381 2422 1602 2466 senten-

582 2498 655 2550 tia
667 2506 802 2550 esset
816 2494 1414 2565 generalis—Pmsugus,
1430 2491 1570 2546 exsul
1585 2510 1600 2545 ε

586 2577 723 2631 Fast.
739 2576 785 2639 1,
798 2576 897 2645 490
910 2592 923 2625 ι
936 2574 1158 2627 Cadmus
1170 2576 1224 2624 in
1235 2572 1408 2626 Aonia
1417 2576 1602 2624 consti-

581 2659 652 2707 tit
665 2656 816 2706 exsul
830 2653 992 2705 humo,
1025 2649 1317 2704 Graculum
1340 2647 1601 2702 consuluit

583 2742 637 2785 et
663 2730 727 2784 de
758 2747 937 2782 sorore
960 2766 976 2794 ,
1015 2737 1069 2780 et
1100 2728 1212 2781 sine
1246 2726 1407 2779 dubio
1437 2727 1600 2779 etiam

582 2807 652 2863 de
675 2825 813 2861 nova
832 2803 955 2862 sede
979 2803 1261 2874 capienda:
1285 2822 1515 2872 namque
1539 2804 1596 2856 in

584 2884 800 2938 urbibus
834 2880 1125 2936 condendis
1147 2879 1466 2949 coloniisque
1495 2879 1599 2934 de-

583 2961 836 3015 ducendis
867 2977 1073 3013 summa
1114 2968 1227 3011 erat
1265 2957 1597 3011 oraculorum

583 3041 878 3094 auctoritas.
898 3038 1011 3094 Cic.
1026 3038 1093 3091 de
1111 3038 1231 3091 Div.
1251 3040 1306 3104 1,
1339 3058 1380 3092 1.
1404 3038 1488 3091 De
1506 3056 1596 3091 so-

578 3136 703 3171 rore
737 3116 1009 3171 oraculum
1042 3125 1131 3170 aut
1164 3116 1297 3169 nihil
1326 3115 1599 3186 respoudit

586 3195 784 3263 (Schol.
807 3197 989 3267 Eut-ip.
1012 3196 1078 3251 ad
1104 3216 1234 3251 vers.
1261 3196 1353 3263 641
1371 3236 1387 3261 ‚
1420 3195 1596 3265 ibique

584 3271 836 3343 Valken.)
852 3286 940 3329 aut
955 3285 1022 3343 μὴ
1041 3283 1420 3352 εολυπραγμθνιῖν
1434 3274 1598 3340 iussit.

585 3350 830 3421 Apollod.
872 3351 1165 3406 Graculum
1202 3354 1371 3423 ipsum
1393 3390 1408 3418 ,
1447 3351 1598 3420 cujus

584 3439 767 3483 auctor
802 3429 938 3482 sorte
985 3430 1230 3484 Mnaseas
1258 3470 1274 3496 ‚
1337 3440 1499 3484 exstat
1541 3429 1595 3483 in

558 3506 761 3560 ‘SchoL
780 3506 962 3575 Eurip.
983 3504 1033 3558 d.
1056 3506 1087 3559 l.
1107 3518 1162 3561 et
1177 3508 1441 3579 Aristoph.
1459 3509 1598 3562 Ran.

590 3582 730 3634 1256.
762 3583 843 3635 Eo
878 3592 1132 3635 monetur
1161 3604 1257 3652 per
1280 3586 1521 3655 Phlegias
1543 3595 1597 3639 et

587 3658 879 3713 Phocidem
919 3659 983 3711 ad
1022 3661 1318 3730 Pelagontis
1357 3676 1597 3718 armenta

586 3732 834 3801 tendere,
859 3736 1035 3803 ibique
1059 3737 1247 3790 bovem
1271 3759 1480 3795 sumere
1503 3742 1598 3795 du·

583 3829 700 3866 cem
724 3811 950 3878 itineris,
981 3813 1035 3864 in
1070 3823 1292 3882 utroque
1323 3817 1483 3871 latere
1514 3820 1597 3872 si-

589 3905 755 3960 gnum
790 3886 1073 3940 candidum
1094 3927 1109 3954 ,
1154 3889 1208 3941 in
1251 3891 1389 3945 lune
1428 3894 1596 3962 pleno

584 3963 812 4034 speciem
829 4001 845 4029 ‚
867 3962 1168 4016 habentem.
1193 3964 1279 4018 Sic
1296 3977 1351 4019 et
1373 3969 1596 4025 Pausan.

588 4040 832 4112 Apollod.
852 4039 1049 4112 Hygia.
1066 4040 1239 4095 Schol-
1259 4041 1440 4111 Eurip.
1461 4046 1595 4100 lude

1698 1710 1909 1777 Noster,
1919 1711 2052 1764 sorte
2062 1709 2187 1764 alios
2198 1719 2435 1764 auctores
2441 1717 2697 1777 sequutus,

1694 1808 1809 1843 non
1821 1807 1926 1842 uua
1935 1808 1994 1842 re
2009 1788 2502 1842 aberravit—Arm·
2509 1788 2632 1840 bene
2643 1805 2697 1840 se

1697 1867 1872 1923 habet.
1897 1867 2080 1937 Eurip.
2102 1873 2238 1922 nei«
2259 1872 2482 1944 xvpofipoe
2507 1886 2521 1921 ε
2546 1868 2666 1918 solis
2684 1905 2697 1926 ‚

1696 1946 1937 2000 solitariis
1954 1985 1971 2013 ,
1992 1955 2051 1999 ut
2065 1945 2190 2018 393,
2214 1948 2331 1999 sola
2347 1952 2514 1997 anlra.

1767 2045 1788 2079 1
1801 2045 1841 2078 ι.
1863 2027 2067 2078 Nullam
2081 2042 2245 2090 passa
2266 2033 2365 2077 etc.
2394 2022 2700 2092 Expreesum

1696 2101 1898 2156 diceres
1927 2122 1989 2155 ex
2011 2100 2250 2171 Euripid.
2276 2101 2318 2155 si
2349 2101 2418 2154 ibi
2446 2110 2703 2155 constaret

1695 2180 1979 2251 legendum
1992 2183 2165 2249 μόσχος
2179 2181 2440 2249 ἆδάμαςος.
2454 2181 2701 2234 Nostrum

1694 2268 1947 2329 seq-nutus
1977 2269 2056 2312 est
2077 2257 2264 2312 Senec.
2289 2257 2339 2309 d.
2371 2257 2405 2310 Ι.
2438 2277 2588 2326 quam
2615 2274 2703 2310 non

1679 2340 1903 2406 finem!
1917 2356 2085 2390 vomer
2097 2376 2111 2398 ‚
2147 2342 2242 2389 aa!
2259 2337 2545 2403 larde'juga
2565 2351 2705 2387 cnm

1684 2419 1921 2483 plaustri.
1937 2442 2005 2454 ·—-
2022 2416 2234 2481 carpere
2248 2418 2364 2467 vias
2379 2454 2392 2471 .
2422 2411 2674 2483 proficisci
2684 2449 2698 2475 ,

1695 2502 1756 2545 ut
1770 2512 1969 2560 carpene
1977 2511 2114 2555 aem,
2131 2491 2359 2545 volare.-
2364 2493 2538 2544 Herba
2549 2489 2614 2542 ad
2624 2508 2706 2541 na·

1695 2577 1871 2623 turam
1887 2569 2032 2622 bovis
2055 2566 2498 2622 accommodatius
2513 2606 2529 2632 ,
2552 2584 2704 2636 quam

1692 2650 1807 2698 loco
1828 2646 1885 2699 in
1918 2665 2055 2699 orac.
2080 2664 2247 2716 greco
2273 2684 2289 2712 ,
2325 2645 2413 2698 ubi
2436 2643 2522 2697 illa
2554 2651 2708 2707 ἵζηται

1691 2733 1820 2797 κλίνῃ
1857 2749 1905 2778 τι
1935 2729 2060 2798 πέδῳ
2089 2730 2194 2792 γίνυ
2225 2732 2444 2787 retina-2.
2497 2723 2605 2777 Sed
2641 2723 2706 2775 ibi

1693 2803 1828 2857 nihil
1873 2802 1938 2857 de
1976 2803 2195 2856 nomine
2231 2805 2467 2866 Beole‘a,·
2510 2802 2704 2875 Hygin-

1694 2903 1821 2936 vero
1841 2894 1895 2937 et
1924 2881 2101 2937 Schol.
2129 2883 2396 2953 Euripidis
2426 2883 2482 2935 id
2506 2900 2702 2936 nomeu

1694 2960 1809 3012 urbi
1834 2958 2064 3013 inditum
2096 2972 2330 3014 narrant.
2365 2961 2511 3014 Alius
2534 2959 2704 3014 Schol.

1691 3035 1889 3091 ibidem
1903 3047 2053 3091 notat
2063 3079 2079 3105 ,
2098 3038 2342 3098 Thebam
2356 3039 2504 3111 Syris
2515 3038 2704 3092 dictam

1691 3133 1802 3168 esse
1820 3114 2015 3169 bovem
2036 3130 2049 3164 z
2074 3116 2217 3185 quod
2234 3119 2448 3171 sortasse
2467 3128 2521 3170 et
2538 3117 2703 3187 ipsum

1691 3191 1750 3245 in
1787 3192 2108 3263 expedienda
2138 3194 2236 3247 hac
2270 3194 2373 3248 sab.
2412 3195 2701 3248 observan-

1692 3268 1840 3323 dum.
1858 3273 2087 3326 Laetam.
2097 3272 2149 3325 in
2163 3272 2287 3342 Arg.
2303 3273 2388 3325 :In
2398 3293 2515 3326 ean
2530 3280 2702 3325 lemn

1692 3351 1891 3401 devenit
1901 3389 1914 3411 ‚
1932 3357 2230 3417 quaepostca
2244 3370 2281 3401 a
2294 3354 2416 3404 bove
2423 3352 2627 3404 Beote‘a
2637 3355 2708 3403 es!

1692 3428 1848 3479 debla-
1875 3426 1927 3479 A
1947 3430 2145 3489 Beato,
2182 3427 2418 3496 Neptuni
2446 3440 2538 3483 aut
2572 3427 2702 3482 Itoni

1693 3504 1804 3559 filio
1818 3546 1834 3573 ‚
1861 3507 1985 3559 illud
2006 3526 2205 3561 nomen
2227 3510 2429 3562 venisse
2444 3548 2462 3575 ,
2497 3508 2584 3562 alii
2609 3527 2704 3578 pu-

1694 3584 1903 3638 tabant:
1922 3584 2041 3637 vide
2061 3586 2282 3640 Pausan.
2300 3625 2316 3653 ‚
2336 3606 2385 3655 p.
2405 3607 2461 3657 7¹
2476 3608 2517 3640 ι.
2534 3583 2705 3640 schol.

1693 3661 1860 3715 Hom.
1883 3661 1946 3715 ad
1977 3660 2143 3717 Catal.
2170 3665 2212 3717 1.
2245 3691 2312 3704 -
2339 3666 2587 3729 Chadas-,-
2618 3683 2706 3717 se-

1691 3740 1898 3798 cundus
1917 3741 2202 3809 Palatinus,
2208 3763 2395 3810 ponas,
2412 3742 2597 3797 Nostri
2613 3742 2708 3798 Re·

1691 3820 1762 3890 gii
1777 3859 1794 3887 ‚
1818 3823 2024 3876 condas.

1767 3900 1840 3964 ¹4·
1878 3900 2228 3952 Descendera!
2254 3918 2319 3954 ex
2349 3898 2707 3970 monte-Par-

1691 3992 1844 4028 nasso
1858 4016 1872 4038 ,
1895 3975 1951 4028 in
1969 3994 2075 4044 quo
2087 3984 2310 4038 aalma.
2337 3977 2484 4032 unde
2503 3975 2707 4031 oracula

1693 4049 1953 4110 dabantur
1961 4074 1990 4131 ς.
2002 4054 2145 4124 quod
2170 4054 2397 4110 Ovidius
2418 4075 2450 4109 a
2467 4057 2615 4110 sonte
2631 4053 2709 4105 vi·
