2975 4784
692 625 815 731 P.
910 531 1427 729 ovum
1500 623 2151 730 NASONIS

415 863 2445 1004 METAMORPHOSEON*

913 1173 1300 1260 LIBER
1381 1174 1905 1262 PRIMUS.

344 1576 457 1680 IN
490 1633 659 1679 nova
692 1605 820 1680 fert
852 1604 1115 1679 animus
1149 1622 1436 1680 mutatas
1473 1605 1687 1680 dicere
1723 1604 1970 1681 formas

345 1724 672 1824 Corpora.
712 1722 803 1794 Di
835 1722 1072 1824 coeptis
1095 1777 1115 1809 ,
1159 1751 1312 1796 nam
1347 1751 1466 1796 vos
1498 1723 1804 1795 mutastis
1839 1740 1906 1798 et
1932 1720 2120 1810 illas,

403 1919 429 1946 *
450 1919 942 1985 Metamorphoseoae,
965 1935 1077 1969 non
1096 1918 1364 1970 Metamor-

333 1997 546 2061 phou-os
564 1994 877 2061 inscriptum
901 2012 1011 2047 esse
1035 1991 1135 2046 hoc
1151 2012 1282 2063 opus
1297 1994 1361 2047 ab

347 2072 574 2125 Auctore
594 2110 610 2137 ‚
627 2069 794 2124 MSS.
808 2070 1134 2140 optimorum
1151 2109 1167 2138 ‚
1191 2081 1363 2124 aucto·

346 2168 467 2202 rum
485 2149 590 2202 hoc
611 2168 827 2201 carmen
852 2148 1179 2203 laudantium
1193 2189 1208 2216 ‚
1235 2149 1362 2203 Pla-

348 2225 506 2278 nudis
523 2226 580 2278 in
595 2225 906 2295 metaphrasi
923 2245 1086 2296 graeca
1103 2265 1118 2292 ‚
1139 2237 1194 2279 et
1209 2224 1365 2278 Grae-

344 2322 533 2357 corum
559 2343 575 2368 ,
637 2301 703 2354 ad
744 2321 962 2371 quorum
1009 2303 1364 2357 imitationem

341 2382 541 2436 Noster
563 2380 676 2434 haec
697 2381 927 2450 scripsit,
954 2383 1206 2436 evincunt
1227 2400 1363 2434 auc-

335 2461 605 2527 toritateS,
634 2478 762 2529 quas
785 2458 902 2513 vide
929 2480 1010 2529 ap.
1038 2460 1224 2513 Heius.
1251 2458 1364 2512 Ne-

330 2559 431 2609 que
444 2559 568 2593 usus
582 2540 776 2608 linguae
790 2539 1050 2610 permittit
1067 2579 1082 2606 ‚
1105 2549 1182 2593 tot
1200 2549 1364 2593 trans·

327 2619 714 2671 formationum
733 2636 927 2687 corpus
944 2620 1362 2685 metamorphosin

324 2715 530 2750 vocare.

396 2798 436 2826 1¹„
464 2778 524 2826 ΙΕ-
552 2794 676 2826 miss&
692 2774 801 2838 sff?
823 2778 1013 2826 tmsssmass
1041 2783 1140 2826 vste.
1165 2771 1358 2830 Primi,

327 2866 546 2921 quattu-u
584 2854 817 2902 ver-silim
853 2854 1154 2904 rsantimtur
1176 2861 1232 2904 et
1261 2864 1365 2903 ar*

328 2934 568 3000 punienti
596 2934 877 2998 eapse-itin,
909 2946 989 2990 *tt*
1025 2929 1153 2982 utin
1182 2928 1358 2984 didac-

327 3014 428 3059 tiva]
464 3010 700 3058 {nt-mim·
737 3050 745 3070 ,
797 3010 1057 3058 inunum·
1097 3007 1356 3060 Deorum.

327 3085 592 3138 lirin-itale
616 3130 628 3154 3
650 3086 977 3154 ῆῑιιιμῖῐτῐῒῑιιυ
997 3130 1005 3142 .
1029 3085 1280 3140 modestia
1300 3106 1356 3139 se

329 3166 668 3216 Ctunsswwfflnt
684 3166 781 3214 hm*
797 3186 1025 3214 [marm-n.
1045 3166 1358 3217 -Fertane’-

326 3262 464 3302 fus-12
496 3246 656 3294 inicii*-
684 3266 761 3292 mc·
781 3286 789 3298 ,
821 3242 1037 3310 inqu-llil
1069 3261 1179 3305 ωας
1210 3241 1355 3311 quOd

325 3334 407 3372 est
418 3318 743 3390 simpliciter,
754 3322 897 3384 voto,
909 3318 1079 3388 cupio.
1098 3317 1186 3371 Sic
1195 3318 1356 3371 etiam

320 3398 462 3451 infra
484 3418 617 3451 vers.
645 3400 740 3470 775
764 3419 776 3460 ;
803 3407 857 3450 et
887 3397 947 3449 Α.
977 3396 1069 3461 Α.,
1095 3396 1180 3450 ΠΙ
1200 3435 1214 3462 ,
1241 3396 1354 3465 467.

319 3475 570 3529 Aliorum
585 3485 865 3545 poetarum
883 3475 995 3526 loca
1005 3473 1212 3544 collegit
1224 3472 1355 3525 Dra·

317 3553 475 3607 kenb.
494 3552 562 3606 ad
588 3552 812 3620 Silium,
840 3552 1005 3606 XVII
1023 3593 1036 3611 .
1065 3555 1178 3625 294.
1204 3579 1271 3592 -
1293 3553 1356 3604 1ae

313 3652 448 3685 nom
460 3638 690 3684 mutulos
692 3631 901 3701 formas
914 3650 1121 3698 corpora
1141 3650 1237 3702 per
1252 3629 1354 3702 hy-

316 3707 563 3778 pallagen
579 3707 781 3761 dictum
798 3709 1015 3775 volunt,
1032 3727 1129 3777 pro
1147 3727 1355 3775 corpora

312 3790 377 3837 in
418 3804 577 3836 mas
608 3784 815 3852 formas
852 3793 1050 3838 mutata
1069 3827 1082 3847 ,
1131 3796 1191 3839 ut
1225 3784 1353 3838 dixit

309 3865 536 3929 Noster,
554 3864 629 3930 ΙΙ,
646 3865 806 3920 Trist.
826 3865 940 3919 556.
964 3863 1070 3918 Sed
1088 3883 1198 3918 non
1219 3883 1351 3934 opus

308 3952 420 4009 est,
452 3952 514 3995 ut
539 3942 604 3995 ad
633 3942 946 4016 hypallagen
969 3945 1348 4015 confugiamus.

308 4021 508 4073 Fame
522 4040 671 4074 nunc
691 4032 818 4076 sunt
839 4041 1061 4092 corpora
1081 4023 1189 4092 ipsa
1204 4064 1218 4085 ‚
1244 4042 1347 4093 qua

305 4099 543 4152 formam
568 4098 790 4167 habent,
807 4110 867 4152 ut
883 4100 1043 4167 infra,
1065 4119 1198 4154 vers.
1218 4100 1348 4167 4353

312 4184 392 4242 et,
421 4176 551 4245 XV,
589 4197 680 4247 ¹7²
701 4217 717 4246 ‚
742 4183 935 4247 spectes
957 4190 1011 4233 et
1011 4183 1209 4250 figure.
1235 4180 1352 4233 No-

1458 1916 1555 1971 luit
1579 1916 1751 1972 dicere
1770 1957 1785 1984 ,
1827 1937 2048 1989 corpora
2080 1917 2247 1989 prisca
2278 1929 2482 1975 mutato

1458 2017 1567 2050 esse
1592 1997 1648 2049 in
1673 2016 1810 2050 nova
1830 2036 1844 2063 ,
1883 2008 1973 2050 aut
1994 1999 2222 2050 sormam
2246 1999 2481 2067 priorem

1459 2072 1513 2125 in
1535 2072 1687 2126 aliam
1706 2113 1721 2138 ,
1740 2073 1832 2127 sed
1848 2074 2021 2142 posuit
2035 2074 2192 2126 verba
2207 2073 2314 2126 duo
2332 2112 2347 2137 ,
2366 2092 2485 2141 qua>

1458 2148 1649 2202 eodem
1683 2149 1927 2203 redeunt.
1961 2149 2033 2201 Et
2066 2149 2252 2202 maluit
2287 2150 2484 2202 formas

1455 2230 1512 2278 1⁶ae
1535 2245 1743 2294 corpora
1766 2232 1991 2278 mutatas
2006 2265 2021 2287 ,
2049 2244 2208 2294 quam
2229 2224 2452 2278 alterum
2470 2266 2484 2293 ,

1458 2302 1654 2372 partim
1680 2302 1801 2371 quia
1826 2300 1953 2354 illud
1979 2302 2279 2371 exquisitius
2298 2312 2352 2356 et
2368 2322 2485 2355 ma-

1459 2378 1537 2448 gis
1563 2378 1831 2448 poeticum
1850 2417 1866 2446 ,
1895 2378 2089 2448 partim
2113 2380 2236 2448 quia
2262 2380 2486 2432 mutatio

1456 2458 1630 2510 forma
1650 2458 1978 2526 potissimum
1996 2457 2055 2510 fit
2072 2458 2366 2528 conspicua.
2387 2459 2486 2511 lta-

1458 2554 1562 2605 que
1588 2545 1642 2588 et
1662 2535 1780 2588 alibi
1804 2545 2066 2588 memorat
2085 2574 2100 2602 ‚
2131 2535 2377 2589 cecinisse
2393 2556 2447 2590 se
2468 2577 2484 2602 ,

1455 2611 1917 2680 mutatasfimnas,
1944 2624 2003 2667 ut
2021 2613 2076 2680 Ι,
2103 2613 2263 2667 Trist.
2280 2629 2300 2664 ι
2317 2651 2333 2677 ,
2361 2634 2378 2665 ι
2394 2635 2448 2683 ¹7
2464 2655 2481 2681 ,

1456 2702 1510 2745 et
1534 2708 1616 2744 vu
1636 2731 1651 2759 ‚
1686 2690 1762 2744 1³.
1786 2692 1972 2761 Neque
1990 2691 2126 2745 male
2147 2691 2220 2744 sic
2234 2689 2482 2745 Gracum

1453 2773 1832 2847 peroepopfniaeus
1843 2770 1990 2840 quasi
2006 2770 2060 2823 in
2068 2779 2381 2839 terpretatus
2389 2782 2483 2825 est.

1455 2847 1627 2901 Nimis
1640 2860 1859 2918 anguste
1870 2849 2056 2902 Burm.
2072 2867 2234 2918 quem
2245 2848 2483 2918 sequitur

1455 2927 1789 2982 Schirachius
1808 2968 1825 2996 ‚
1851 2927 1916 2982 de
1934 2928 2057 2982 solis
2074 2927 2377 2982 hominibus
2393 2949 2482 2983 ac-

1453 3005 1579 3075 cipit
1594 3028 1606 3069 ;
1629 3006 1811 3061 insunt
1825 3006 1970 3061 enim
1989 3017 2045 3062 et
2061 3007 2280 3061 aliarum
2295 3026 2477 3062 rerum

1455 3084 1927 3156 metamorphoses.
1944 3087 1987 3139 li
2005 3106 2132 3141 vero
2147 3097 2478 3158 argutantur,

1455 3165 1545 3235 qui
1563 3177 1775 3235 poetam
1792 3165 2033 3221 consulto
2047 3186 2264 3221 carmen
2284 3166 2350 3220 de
2368 3186 2484 3220 cor-

1455 3261 1649 3313 porum
1669 3245 2133 3298 transformatione
2152 3244 2478 3298 averborum

1452 3321 1844 3392 permutatione
1866 3341 2108 3377 exorsum
2128 3342 2238 3377 esse
2261 3331 2476 3376 conten-

1446 3396 1607 3470 dunu

1520 3495 1567 3527 2.
1603 3476 1687 3529 Di
1710 3483 1890 3544 caeplztr
1922 3487 2018 3531 etc.
2063 3474 2291 3531 Causam
2324 3474 2477 3528 affert

1452 3553 1723 3624 propriam
1741 3593 1758 3620 ,
1785 3573 1948 3623 quare
1971 3555 2068 3607 sibi
2088 3574 2199 3607 non
2226 3572 2397 3607 unum
2423 3564 2478 3606 et

1450 3631 1678 3685 alterum
1705 3632 1885 3686 Deum
1907 3670 1923 3697 ,
1967 3650 2079 3684 non
2117 3632 2332 3685 Musam
2370 3630 2477 3684 ali-

1450 3729 1614 3781 quam
1637 3749 1652 3776 ,
1679 3707 1773 3762 scd
1797 3708 2021 3761 omnino
2047 3708 2189 3763 Deos
2212 3708 2477 3779 adspirare

1448 3788 1606 3850 velit;
1644 3797 1883 3842 auctores
1908 3787 2053 3840 enim
2079 3806 2263 3841 rerum
2290 3787 2476 3841 dicen-

1448 3863 1640 3918 darum
1663 3866 1880 3919 suerunt
1901 3885 1913 3920 ε
1937 3885 2057 3919 uam
2082 3886 2175 3919 vos
2197 3876 2296 3919 etc.
2326 3860 2475 3915 Diffi-

1446 3945 1613 4000 cultas
1634 3964 1792 4015 quam
1809 3957 1988 4000 movet
2006 3945 2186 3998 multis
2200 3948 2251 4000 τὶ
2272 3950 2325 3994 e!
2339 3981 2353 4004 ‚
2383 3941 2474 3993 sa·-

1445 4024 1530 4078 cili
1549 4064 1564 4089 ,
1582 4024 1773 4094 opinor
1788 4063 1803 4090 ‚
1820 4024 2022 4077 tollitur
2034 4021 2249 4092 negotio
2263 4058 2278 4085 ,
2299 4017 2341 4069 si
2359 4034 2476 4068 sen-

1447 4103 1673 4155 tentiam
1694 4102 1750 4154 in
1776 4100 1917 4155 hunc
1934 4100 2157 4154 modum
2182 4093 2470 4161 concipias:

1446 4180 1553 4245 Di,
1570 4191 1804 4233 vestrum
1821 4190 1898 4233 est
1916 4196 2001 4231 me
2021 4176 2290 4242 adiuvare,
2313 4188 2478 4240 quau‘
