2975 4784
662 413 1735 483 METAMORPHOSEON
1793 419 1987 486 LIB.
2045 421 2133 489 V.

2318 420 2445 505 411

344 554 592 629 Rident
615 552 1037 640 EmathideS‚
1071 570 1524 654 spernuntque
1558 555 1833 628 minacia
1865 557 2103 646 verba3

346 671 742 771 Conataeque
775 668 1001 769 loqui,
1036 687 1103 743 et
1137 695 1377 765 magno
1412 668 1693 744 clamore
1727 689 2060 770 protervas

2354 696 2454 765 670

343 787 677 859 Intentare
702 813 936 859 manus
959 842 978 873 ‚
1015 813 1266 887 pennas
1304 785 1475 859 exire
1509 814 1630 888 per
1664 814 1916 881 ungues

346 900 723 1001 Adspexere
757 930 912 975 suos
930 957 950 990 ‚
987 902 1231 1003 operiri
1264 901 1533 976 brachia
1557 901 1847 1003 plumis;

345 1015 705 1118 Alteraqne
735 1014 1003 1090 alterius
1033 1016 1250 1113 rigido
1287 1045 1698 1091 concrescere
1733 1035 1951 1092 rostro

350 1136 491 1208 Ora
522 1134 739 1222 videt,
776 1131 1208 1234 volucresque
1238 1160 1438 1207 novas
1475 1134 1775 1208 accedere
1807 1132 2008 1207 silvis.

345 1250 661 1350 Dumque
689 1246 924 1322 volunt
961 1248 1185 1350 plangi
1209 1305 1229 1337 ‚
1265 1278 1385 1350 per
1417 1249 1689 1325 brachia
1718 1267 1897 1324 mota
1929 1248 2153 1323 levatae
2176 1306 2195 1340 ‚

2360 1273 2459 1343 675

339 1365 516 1438 Aere
545 1362 958 1464 pendebant,
995 1392 1340 1438 nemorum
1369 1365 1663 1440 convicia
1682 1422 1701 1453 ‚
1737 1365 1917 1466 picae.

340 1480 540 1551 Nunc
578 1508 842 1580 quoque
877 1479 949 1553 in
983 1478 1254 1554 alitibus
1287 1478 1595 1554 facundia
1629 1478 1846 1579 'prisca
1878 1479 2230 1566 remansit,

343 1597 701 1697 Raucaque
735 1593 1083 1691 garrulitas
1105 1652 1124 1684 ‚
1162 1591 1592 1696 studiumque
1621 1594 1903 1669 immane
1934 1594 2271 1696 loquendi.
2306 1626 2342 1660 »

344 1828 464 1863 mus
521 1821 699 1864 autem
747 1809 847 1864 hoc
891 1828 1092 1863 nomen
1137 1808 1353 1879 ingenio

344 1889 584 1954 Heinsii;
609 1908 838 1959 namque
858 1889 1093 1943 Pierides
1109 1888 1265 1941 etiam
1288 1889 1352 1940 ab

344 1966 547 2021 Anton.
563 1967 674 2021 Lib.
687 1967 758 2020 ita
774 1977 1044 2021 vocantur.
1064 1963 1213 2019 Olim
1226 1963 1354 2017 ede-

347 2044 503 2097 batur
545 2046 815 2118 Eve'peelles
830 2084 844 2106 ,
895 2043 950 2096 id
985 2052 1091 2110 est,
1129 2041 1353 2111 Evippes

344 2121 481 2175 filie.
522 2119 706 2173 Codex
732 2120 927 2190 Regius
955 2119 1030 2187 A,
1063 2122 1348 2186 Em’pedes3

349 2199 536 2253 Codex
558 2200 631 2265 B,
657 2200 889 2252 Λαίδα.
914 2200 1033 2253 Hoc
1057 2198 1353 2269 exemplum

343 2279 628 2334 confirmat
643 2318 659 2345 ,
685 2277 826 2348 quod
847 2279 954 2346 jam
977 2278 1198 2332 diximus
1213 2317 1229 2344 ‚
1253 2297 1355 2331 no—

343 2359 494 2412 mina
517 2358 725 2427 propria
739 2375 947 2427 semper
967 2358 1025 2410 in
1050 2357 1211 2412 MSS.
1234 2356 1354 2411 co‘r-

345 2446 502 2506 rupta
529 2435 699 2488 fuisse.
721 2437 820 2489 Ed.

395 2512 523 2580 573.
551 2515 885 2567 Cauca-escere.
910 2512 1228 2566 Lovanensis
1243 2552 1258 2579 ,
1276 2533 1356 2566 oc-

343 2592 635 2651 callescere,
679 2601 739 2644 ut
774 2589 829 2642 in
875 2589 1008 2643 libro
1045 2589 1198 2658 XIV,
1240 2593 1352 2645 282.

346 2666 504 2737 Regii
541 2667 708 2720 nostri
727 2706 744 2735 ,
783 2685 1109 2721 concrescere.
1129 2695 1197 2708 —
1222 2666 1357 2720 Aere

335 2747 552 2812 pendere
589 2743 655 2797 de
687 2744 892 2799 volante
929 2744 1133 2801 dicitur.
1151 2772 1219 2785 --
1242 2745 1356 2799 Ne-

297 2841 302 2846 ·
344 2842 532 2878 mmm
561 2828 814 2891 conn'ce'a,
861 2843 981 2880 aves
1013 2843 1107 2895 per
1133 2842 1357 2879 nemora

1448 1811 1735 1881 garrientes
1775 1822 1827 1866 et
1857 1808 2242 1865 maledicentes.
2261 1837 2328 1851 -·
2352 1813 2457 1863 Fa-

1448 1892 1633 1942 cundia
1644 1931 1657 1950 ‚
1675 1888 1857 1943 eadem
1876 1909 1991 1960 qun
1997 1894 2287 1957 garrulitas.
2304 1888 2457 1942 Idem

1449 1977 1531 2021 ter
1542 1967 1681 2022 dixit.
1704 1967 1802 2020 Vir
1816 1968 2029 2037 quidam
2047 1967 2228 2022 doctus
2243 1967 2461 2035 conjec-

1452 2056 1592 2098 turat
1625 2047 1766 2098 Tunc
1804 2066 2018 2115 quoque,
2061 2045 2182 2113 quia
2220 2044 2457 2113 sequitur

1447 2128 1699 2176 remansit.
1712 2122 1821 2175 Sed
1843 2121 2095 2176 refellitur
2116 2142 2145 2174 a
2163 2119 2374 2174 Clarkio
2391 2120 2456 2174 ad

1449 2202 1674 2255 Homer.
1711 2200 1771 2253 n.
1796 2200 1845 2254 A
1865 2240 1881 2267 ‚
1922 2200 1984 2268 37
2003 2239 2019 2266 ‚
2061 2200 2182 2268 quia
2217 2203 2461 2252 remansit

1450 2289 1528 2333 est
1570 2289 1776 2347 tempus
1813 2295 2038 2347 pratens
2072 2277 2150 2330 rei
2198 2277 2455 2346 perfectae.

1453 2354 1722 2410 Ceterum
1754 2353 2021 2410 Nicandro
2055 2363 2265 2408 auctore
2315 2352 2454 2423 apud

1451 2431 1898 2488 Autompieride,
1922 2433 1974 2485 in
2001 2432 2149 2502 plura
2174 2432 2347 2484 avium
2360 2451 2454 2502 ge-

1450 2530 1580 2565 nera
1623 2519 1837 2563 mutate
1884 2520 2022 2563 sunt.
2050 2535 2118 2550 —-
2139 2510 2457 2576 Studt'umque

1448 2594 1698 2652 tharana·
1747 2588 1819 2640 ita
1849 2585 2072 2641 Codices
2111 2585 2292 2639 nostri.
2334 2584 2455 2640 Cio-

1449 2666 1603 2720 sanus
1633 2684 1662 2718 e
1692 2663 1952 2719 codicibus
1987 2662 2295 2734 quibusdam
2326 2681 2455 2733 pro-

1450 2745 1571 2800 tulit
1587 2750 1894 2817 studiumque
1910 2751 2087 2810 inane,
2120 2745 2260 2815 quod
2277 2755 2455 2799 tuetur

1451 2822 1667 2892 Barth-3
1692 2822 1785 2879 sed
1806 2833 2027 2895 uterque
2050 2822 2330 2878 immerito.
2353 2824 2454 2877 Ed.
