2975 4784
514 372 650 461 444
748 435 757 444 ·

1055 376 1135 442 P.
1203 376 1575 447 OVIDII
1635 375 2093 452 NASONIS

517 549 552 581 »
588 512 868 588 Finibus
899 512 971 586 in
1001 515 1217 617 Lyciae
1235 572 1255 604 ‚
1292 515 1497 613 longo
1530 519 1671 592 Dea
1702 517 1872 593 fessa
1905 519 2135 596 labore

2537 545 2635 613 340

517 663 552 695 »
591 628 863 704 Sidereo
895 630 1134 706 siccata
1166 632 1345 706 sitim
1380 632 1655 729 collegit
1682 635 1766 709 ab
1802 653 2006 722 aestu;

515 777 552 810 υ
592 746 946 846 Uberaqne
984 747 1332 822 ebiberant
1360 747 1535 822 avidi
1566 748 1876 825 lactantia
1902 751 2064 824 nati.

511 892 550 927 >›
590 862 793 935 Forte
825 860 1041 935 lacum
1074 861 1365 937 melioris
1391 892 1576 965 aqnae
1609 865 1958 966 prospexit
1984 866 2055 937 in
2086 863 2244 940 imis

514 1009 550 1039 υ
588 973 896 1050 Vallibus
923 1006 939 1048 ε
975 994 1263 1072 agrestes
1297 978 1432 1052 illic
1466 979 1787 1055 fruticosa
1818 978 2129 1075 legebant

515 1123 551 1156 »
590 1092 858 1165 Vimina
889 1119 1039 1167 cum
1071 1093 1327 1191 juncis,
1364 1110 1747 1196 gratamque
1779 1094 2142 1197 paludibus
2176 1095 2412 1172 ulvam.

2530 1117 2626 1187 345

516 1239 551 1272 >›
588 1207 889 1281 Accessit
906 1263 926 1295 ,
961 1209 1318 1310 positoque
1354 1238 1529 1306 genu
1563 1210 1829 1286 Titania
1862 1229 2102 1287 terram

515 1354 549 1388 »ι
589 1322 842 1396 Pressit
862 1379 882 1411 ‚
914 1341 993 1396 ut
1025 1323 1318 1397 hauriret
1348 1324 1605 1421 gelidos
1639 1346 1884 1428 potura
1914 1328 2226 1430 liquores.
2257 1361 2294 1394 »

515 1470 552 1504 »
591 1438 867 1514 Rustica
898 1439 1095 1512 turba
1125 1457 1368 1516 vetant.
1404 1442 1548 1517 Dea
1581 1441 1677 1516 sic
1715 1443 1933 1518 adfata
1962 1461 2300 1519 vetantes:

520 1586 555 1618 α
593 1553 782 1650 Quid
815 1553 1191 1655 prohibetis
1222 1555 1459 1657 aquis?
1487 1584 1651 1632 usus
1681 1560 2054 1634 communis
2088 1586 2444 1660 aquarum:

519 1702 555 1734 »
595 1672 734 1745 Nec
764 1670 971 1745 solem
1006 1672 1357 1772 proprium
1384 1673 1676 1761 Natura,
1710 1703 1833 1750 nec
1866 1704 2015 1751 aera
2046 1676 2239 1762 fecit,

2534 1695 2627 1750 350

518 1818 554 1850 n
593 1787 733 1859 Nec
769 1804 996 1874 tenues
1030 1786 1244 1862 undas
1277 1819 1293 1861 ε
1329 1787 1412 1863 ad
1447 1789 1723 1890 publica
1757 1819 2028 1866 munera
2051 1792 2236 1878 veni3

521 1933 557 1964 »
600 1900 769 1997 Quae
800 1919 1016 1977 tamen
1035 1958 1055 1990 ‚
1090 1921 1172 1978 ut
1204 1902 1374 1978 detis
1393 1960 1413 1992 ,
1450 1905 1732 2007 supplex
1760 1924 1921 2007 peto
1952 1936 1968 1980 :
1997 1935 2139 1981 non
2166 1934 2292 2001 ego
2322 1920 2578 1979 nostros

516 2132 582 2149 ·-·
602 2108 808 2172 isti-cns,
845 2111 1020 2163 aen'dus
1055 2119 1111 2163 et
1142 2115 1345 2177 αὖαλέος,
1367 2110 1434 2165 de
1457 2112 1533 2166 si-

517 2185 697 2239 tiente.
709 2212 777 2225 —
792 2188 1035 2255 Colle'ffere
1050 2193 1190 2241 sulm
1204 2228 1218 2251 ,
1237 2198 1299 2242 ut
1323 2190 1393 2255 V,
1417 2190 1530 2256 446.

517 2287 583 2302 -·
604 2258 787 2329 Codex
816 2263 1011 2333 Regius
1026 2265 1072 2317 Β
1097 2263 1255 2319 habet
1270 2272 1501 2334 concepi!
1510 2281 1532 2329 ,·

519 2357 666 2409 eque
690 2343 851 2413 recipi
876 2353 1063 2412 potest.
1087 2347 1187 2397 Ed.

584 2420 697 2485 343.
724 2423 872 2474 Forte
894 2425 1061 2475 lacum
1084 2433 1182 2476 etc.
1220 2423 1374 2492 Apud
1404 2422 1534 2476 An-

522 2498 768 2552 toninum
797 2501 942 2556 venit
976 2501 1040 2554 ad
1077 2500 1320 2556 Melitem
1344 2501 1370 2574 (
1394 2501 1534 2572 apud

525 2576 761 2630 Probum
778 2616 795 2643 ‚
820 2577 886 2631 ad
905 2579 1106 2632 Melam
1124 2578 1350 2646 )son!em
1364 2620 1378 2642 ,
1404 2581 1538 2649 ejus-

523 2672 626 2721 que
651 2673 783 2725 aqua
803 2656 879 2708 uti
901 2656 1014 2710 vult
1038 2657 1103 2709 ad
1126 2656 1410 2712 abluendos
1435 2658 1536 2710 in·-

522 2732 691 2786 fantes
712 2753 727 2795 3
767 2733 858 2787 sed
902 2734 1162 2803 prohibita
1197 2755 1229 2787 a
1263 2735 1498 2789 bubulcis
1515 2774 1531 2801 ,

523 2809 751 2863 infantes
795 2822 969 2879 portat
1011 2812 1078 2865 ad
1120 2811 1394 2866 Xanthum
1429 2812 1539 2865 flu-

526 2887 672 2942 vium
688 2929 704 2956 ‚
732 2899 787 2942 et
804 2890 929 2944 inde
953 2909 1160 2944 reversa
1183 2900 1413 2960 pastores
1448 2890 1537 2943 la·-

525 2963 646 3031 pide
670 2984 936 3035 percussos
956 2978 1124 3020 mutat
1152 2967 1210 3020 in
1234 2985 1402 3020 ranas.
1426 2966 1536 3020 Sed

527 3044 786 3111 majorem
808 3046 1320 3101 commiserationem
1354 3045 1538 3100 Ovidii

523 3121 842 3191 figmentum
863 3125 997 3180 ficit.
1018 3152 1086 3165 —
1106 3127 1335 3179 Melior-135
1349 3166 1362 3186 ,
1395 3123 1540 3196 quod

528 3219 629 3271 pro
672 3206 934 3257 mediocris
991 3204 1188 3274 recepit
1243 3205 1493 3258 Heinsius
1522 3243 1539 3271 ,

532 3298 700 3350 quum
725 3280 861 3334 hanc
877 3300 1026 3335 suam
1052 3283 1410 3351 coniecturam
1430 3298 1542 3334 uno

530 3359 759 3414 Strozsae
784 3359 1286 3414 Mannfirmatam
1304 3358 1541 3424 vidisset,

530 3455 644 3490 non
670 3436 805 3490 male
826 3455 881 3490 se
902 3436 1057 3489 habet
1073 3457 1094 3499 ς·
1114 3432 1280 3504 q‘uum
1304 3437 1449 3490 enim
1470 3435 1544 3488 la·

532 3533 623 3568 cus
645 3512 909 3568 turbidam
933 3513 1042 3566 sere
1066 3530 1254 3581 aquam
1281 3512 1509 3566 habeant
1526 3550 1542 3577 ,

533 3611 643 3645 nou
669 3602 870 3646 temere
905 3600 1186 3656 monetur,
1221 3590 1480 3645 Latonam
1515 3608 1546 3643 a

535 3674 735 3724 meliore
757 3689 890 3740 aqua
911 3670 1188 3723 invitatam
1214 3689 1323 3725 esse
1360 3669 1423 3723 ad
1451 3669 1546 3724 bi-

534 3748 786 3803 bendum.
828 3748 898 3802 Et
920 3752 1096 3802 melior
1123 3759 1267 3802 certo
1306 3759 1549 3818 respectu

535 3825 729 3894 legitur
748 3827 908 3881 etiam
930 3828 956 3880 1
969 3866 985 3893 ,
1003 3847 1080 3900 79.
1104 3828 1444 3880 Burmannus
1456 3846 1549 3895 pu-

537 3914 643 3970 tat,
662 3903 986 3961 adsentiente
1001 3904 1251 3977 V-erheyk
1264 3902 1327 3957 ad
1347 3904 1548 3959 Anton.

538 3981 596 4034 in
638 3984 855 4033 mela‘oan
889 3984 1052 4036 latere
1083 4001 1281 4036 nomen
1320 3983 1546 4036 Meliten.

541 4088 609 4101 —
622 4058 846 4114 Codices
865 4062 1031 4114 nostri
1059 4062 1257 4115 habent
1272 4064 1549 4117 medeba-uk.

542 4140 844 4196 Heinsianae
870 4140 1186 4208 coniectura
1217 4151 1270 4193 et
1297 4139 1379 4195 cl.
1413 4142 1550 4194 Gie-

1625 2116 1706 2179 n'g
1726 2110 1961 2182 opinioni
1989 2111 2244 2181 tantisper
2258 2109 2633 2165 adhereamus:

1627 2189 1754 2259 quid
1785 2190 2039 2262 significat
2069 2190 2344 2260 epitheton
2369 2193 2588 2243 aelbn's
2604 2193 2631 2244 ?

1630 2266 1771 2338 quod
1791 2307 1808 2334 ‚
1840 2286 2007 2338 quum
2031 2268 2481 2338 comparationem
2502 2266 2636 2320 indi-

1629 2353 1743 2410 cet,
1773 2345 1846 2398 ibi
1875 2343 2094 2400 minime
2123 2345 2411 2399 convenire
2439 2355 2638 2414 potest,

1629 2422 1721 2476 ubi
1758 2422 1901 2476 nulla
1951 2442 2096 2493 aqua
2134 2423 2409 2490 cuiuslibet
2442 2422 2636 2477 mentio

1630 2500 1764 2553 facta
1778 2499 1889 2565 suit.
1910 2501 2080 2554 Porro
2095 2500 2369 2571 epitheton
2384 2503 2638 2554 neither-13

1633 2581 1866 2649 apprime
1885 2582 2147 2635 consentit
2169 2600 2293 2636 cum
2308 2579 2641 2650 sequentibus

1633 2657 1893 2719 versibus.
1918 2658 2015 2712 363
2046 2668 2101 2712 et
2128 2658 2257 2726 354:
2282 2657 2476 2713 dicitur
2502 2657 2641 2710 enim

1632 2733 1826 2788 incolas
1843 2738 2154 2804 pedezaesqne
2185 2754 2428 2803 nanque
2462 2738 2644 2788 tavia-

1635 2819 1767 2865 nisu
1782 2815 1926 2865 lacus
1938 2852 1952 2872 ‚
1979 2818 2176 2881 tinuoque
2188 2833 2221 2865 e
2230 2817 2525 2881 gurgiteetc.
2546 2849 2564 2876 ‚
2588 2819 2643 2863 et

1634 2891 1714 2945 his
1738 2891 1907 2945 verbis
1928 2891 2172 2944 innuitur
2184 2891 2356 2945 lactnn
2371 2890 2519 2942 fuisse
2532 2907 2642 2940 ne-

1634 2970 1863 3022 diocoem.
1892 2968 2016 3021 Jam
2037 2968 2258 3022 diximus
2281 2966 2483 3022 Heinsii
2503 2984 2643 3019 con-

1634 3046 1848 3115 jecturis
1863 3063 1999 3116 sape
2012 3045 2303 3100 infelicibus
2318 3043 2645 3098 textumOvi·

1635 3123 1853 3177 dianum
1876 3125 2028 3178 fnisse
2051 3125 2373 3178 subversum,
2397 3126 2497 3176 Ed.

1702 3201 1816 3267 348.
1848 3203 2017 3255 Turba
2038 3208 2239 3267 utana·
2264 3199 2490 3254 Codices
2512 3217 2644 3253 nos-

1637 3280 1744 3347 tri,
1769 3283 1912 3333 turba
1940 3286 2113 3344 veiam
2150 3277 2292 3331 idem
2329 3289 2425 3331 est.
2451 3280 2553 3330 Ed.
2585 3303 2646 3318 -

1640 3357 1688 3409 E
1704 3361 1852 3410 turba
1864 3362 2066 3410 utente
2085 3374 2114 3409 a
2132 3356 2309 3410 Probo
2321 3370 2647 3409 commemo-

1639 3447 1787 3489 ratur
1800 3434 2018 3490 Neocles
2036 3445 2226 3504 pastor.

1704 3514 1818 3586 349.
1859 3515 1999 3578 Quid
2014 3515 2291 3580 pmhilett's
2328 3521 2426 3564 etc.
2461 3510 2649 3563 Oratio

1640 3593 1788 3647 sortis
1808 3592 1871 3645 ad
1896 3590 2319 3662 persuadendum
2342 3600 2397 3644 et
2418 3608 2647 3644 moven-

1643 3669 2070 3738 dum.—Aqm:e,·
2096 3669 2252 3738 vulgo
2269 3707 2284 3736 ,
2310 3677 2365 3722 et
2390 3669 2448 3721 in
2464 3667 2652 3721 nostris

1647 3747 1928 3803 Codicibus
1939 3747 2114 3820 Regiis
2129 3785 2146 3812 ‚
2160 3763 2357 3814 quaes,·
2385 3743 2652 3799 videBur·

1642 3843 1919 3879 mannum.
1940 3853 2008 3866 -
2032 3828 2319 3879 Communis
2346 3841 2500 3888 nsum
2526 3822 2650 3875 libro

1645 3903 1673 3957 Ι
1687 3942 1702 3969 ,
1732 3905 1822 3957 ι35
1844 3922 1857 3956 t
1891 3905 2256 3957 Comum...
2280 3905 2482 3955 hunum
2510 3904 2654 3965 longe

1639 3987 1863 4049 saegmaeoi!
1877 3985 2036 4034 Itinere
2050 3978 2491 4033 msam—Paulo
2508 3986 2617 4047 post
2636 4012 2653 4038 ,

1643 4062 1701 4115 in
1714 4080 1868 4115 versu
1886 4063 1984 4115 353
1996 4099 2011 4126 ,
2036 4078 2135 4130 pro
2151 4065 2322 4122 arins,
2351 4059 2433 4132 vir
2452 4055 2653 4118 doctus.

1644 4141 1701 4194 in
1727 4139 1951 4209 Ephem.
1972 4139 2049 4193 lit.
2066 4137 2304 4195 Norimb.
2321 4135 2542 4204 eoniect.
2557 4150 2657 4184 nu·—
