2975 4784
522 393 640 460 162

1068 393 1148 459 P.
1216 392 1569 461 OVIDII
1640 391 2088 463 NASONIS

507 531 778 633 Quique
811 531 1166 605 recurvatis
1201 530 1375 605 ludit
1408 532 1786 607 Maeandros
1819 532 1889 607 in
1920 533 2160 623 undis3

505 647 1041 749 Mygdoniusque
1077 646 1328 736 Melas,
1366 666 1434 723 et
1469 649 1809 724 Taenarius
1841 653 2150 725 Eurotas.

503 762 693 836 Arsit
723 780 790 836 et
822 761 1199 863 Euphrates
1235 761 1682 865 Babylonius,
1721 766 1883 840 arsit
1918 767 2244 856 Orontes,

502 875 1067 980 Thermodonque
1101 878 1302 968 citus,
1347 879 1776 982 Gangesque,
1812 899 1879 956 et
1910 883 2178 972 Phasis,
2218 902 2286 958 et
2311 886 2507 962 Ister.

504 996 771 1071 AEstuat
801 994 1104 1097 Alpheos
1135 1025 1152 1068 :
1181 996 1339 1097 ripae
1373 995 1807 1098 Spercheides
1838 998 2114 1089 ardent;

2543 1026 2641 1080 250

505 1112 845 1215 Quodque
878 1140 1001 1186 suo
1033 1113 1260 1208 Tagus
1294 1141 1482 1187 amne
1514 1112 1726 1201 vehit,
1761 1113 1911 1186 ssuit
1942 1115 2248 1211 ignibus,
2287 1147 2527 1195 aurum
2555 1152 2574 1195 :

500 1230 593 1302 Et
623 1258 768 1331 quae
802 1229 1125 1331 Maeonias
1158 1227 1570 1304 celebrarant
1600 1231 1883 1305 carmine
1920 1231 2101 1332 ripas
2127 1287 2147 1319 ,

501 1440 786 1511 quiflanm
817 1439 1196 1511 interpretatur
1222 1440 1517 1511 pulchrum.

566 1521 679 1586 246.
717 1517 1004 1573 M'eandms
1036 1519 1177 1573 inter
1209 1519 1431 1591 Lydiam
1463 1530 1520 1575 et

499 1597 715 1652 Cariam
736 1597 951 1665 defluit,
978 1598 1239 1670 habetque
1261 1599 1423 1655 flexus
1443 1601 1520 1654 ita

494 1676 733 1731 sinuosos
749 1715 765 1740 ,
788 1685 848 1729 ut
861 1695 995 1746 saepe
1011 1697 1249 1732 remeare
1262 1678 1515 1733 videatur.

499 1755 636 1809 Plin.
666 1756 739 1808 Η.
776 1756 844 1810 Ν.
883 1757 935 1807 V
952 1795 968 1822 ,
1009 1777 1086 1828 ²9·
1124 1756 1280 1814 Tales
1310 1769 1517 1813 nature

495 1834 638 1889 lusus
667 1834 895 1906 arripere
920 1834 1088 1888 solent
1114 1845 1281 1904 poetae
1300 1876 1315 1902 ,
1355 1847 1515 1904 atque

495 1929 746 1966 exornare
757 1930 855 1966 suo
865 1911 1043 1965 modo.
1059 1910 1143 1966 Cs.
1154 1913 1427 1967 Noster-Vl
1435 1914 1509 1977 11,

500 1989 590 2042 162
612 2012 626 2052 ;
655 2009 760 2059 quo
778 1990 894 2044 loco
915 2000 967 2043 et
992 1990 1102 2059 ipso
1120 1992 1289 2043 ludere
1307 1989 1372 2044 de
1400 2001 1511 2044 tor-

492 2079 644 2121 tuoso
666 2067 756 2121 illo
775 2088 945 2123 cursu.
970 2070 1154 2121 Errare
1175 2068 1250 2123 sic
1269 2067 1396 2124 dixit
1415 2068 1506 2123 Si—

492 2146 589 2200 lius
617 2145 758 2213 Vn,
792 2146 901 2219 139.

558 2225 671 2291 247.
682 2223 1059 2293 fildas-‚Quum
1073 2223 1249 2294 plures
1259 2222 1404 2277 fluvii
1419 2222 1515 2276 hu·

489 2303 571 2371 jus
595 2301 827 2355 nominis
859 2302 1086 2371 suerint,
1124 2301 1392 2372 disputant
1414 2302 1514 2355 in·-

493 2388 775 2449 terpretes,
794 2379 910 2449 quis
931 2378 982 2432 b.
998 2379 1031 2431 Ι.
1048 2378 1417 2449 intelligendus
1429 2379 1513 2434 sit.

495 2456 747 2511 Heinsius
767 2456 1073 2523 contendit,
1094 2477 1202 2511 esse
1220 2457 1477 2514 Meletem
1495 2496 1510 2524 ,

493 2537 581 2607 qui
599 2537 885 2609 Smyrnam
904 2536 1226 2605 praten-fluit.
1247 2536 1513 2606 Equidem

489 2615 722 2683 intelligo
758 2613 1074 2668 Thracicum
1096 2616 1342 2679 Melana‚·
1371 2614 1510 2670 Plin.

493 2696 563 2749 H.
588 2694 785 2759 N.1V,
816 2713 869 2746 ιι
893 2714 907 2756 3
932 2710 1058 2746 nam
1082 2694 1390 2762 Μηνίσκοι,
1418 2694 1512 2763 qui

493 2772 734 2845 Phrygia
758 2781 961 2841 partem
985 2769 1285 2824 incolebant
1301 2809 1316 2837 ,
1353 2771 1508 2840 eique

491 2869 691 2905 nomen
716 2848 1005 2911 dederant,
1044 2846 1269 2900 Thracia
1295 2847 1510 2902 oriundi

489 2939 657 2983 erant.
697 2925 889 2981 Strabo
924 2923 1070 2994 Vll,
1107 2944 1156 2993 p.
1196 2928 1323 2997 2953
1358 2924 1468 2980 XII
1490 2964 1507 2992 ,

488 3029 538 3078 p.
557 3011 666 3078 575.
691 3034 757 3047 —
773 3008 1021 3063 Eut-olas,
1055 3000 1213 3056 hodie
1234 3004 1510 3071 Basile'po-

491 3094 627 3138 tamo
644 3125 657 3144 .
682 3083 872 3152 fluvius
884 3100 1109 3151 magnus
1121 3091 1176 3135 et
1189 3080 1475 3138 vehemens
1488 3119 1505 3147 ,

489 3163 579 3235 qui
614 3160 859 3231 Spartam
887 3157 1268 3231 praten-labitur
1307 3168 1360 3212 et
1394 3178 1506 3212 non

489 3238 672 3315 procul
688 3258 718 3291 a
732 3239 894 3292 nobili
912 3239 1000 3292 illo
1013 3237 1378 3310 promontorio
1403 3239 1509 3291 Te-

485 3325 656 3386 nan'o,
678 3316 834 3372 hodie
852 3320 1119 3388 Malana,
1144 3317 1199 3371 in
1215 3318 1391 3371 sinum
1414 3316 1510 3370 La·

487 3399 732 3456 conicum
756 3408 1086 3450 exoneratur.
1120 3425 1187 3436 —
1210 3399 1285 3449 Et
1314 3396 1507 3448 Tena-

480 3485 587 3534 riaes
599 3481 835 3532 Eue-olas.
856 3474 1099 3529 Notanda
1125 3472 1262 3528 cod.
1288 3475 1418 3544 Reg.
1438 3473 1506 3528 A.

484 3557 639 3610 lectio
657 3595 673 3623 ,
699 3572 817 3625 que
838 3563 1069 3606 metrum
1093 3552 1281 3605 meiius
1305 3561 1506 3605 servat:

498 3637 759 3688 Teum-ius
777 3641 928 3701 alque
948 3632 1186 3683 Eurotas.
1210 3629 1312 3683 Ed.

553 3713 664 3779 248.
680 3714 979 3779 Euphrales.
998 3708 1235 3760 Vocatur
1256 3725 1381 3761 mox
1393 3709 1509 3764 As·-

482 3792 691 3865 syrin,
742 3796 864 3852 aut,
902 3794 962 3837 ut
1003 3782 1054 3837 h.
1100 3782 1133 3834 Ι.
1174 3784 1508 3851 Babylonius.

487 3865 835 3953 Babyloniam
869 3881 979 3916 non
1015 3860 1191 3915 solum
1224 3862 1502 3929 irrigabat,

484 3946 573 4003 sed
600 3946 732 3999 limo
753 3941 952 4005 etiam,
978 3955 1140 4008 quem
1160 3955 1341 3989 secum
1363 3939 1506 3992 sere-

481 4028 600 4093 bat,
619 4020 849 4078 fertilem
862 3978 1142 4071 reddebat:
1156 4012 1274 4067 vide
1295 4011 1504 4069 callim.

477 4105 532 4160 b.
550 4105 635 4175 Ap
636 4101 723 4157 on.
736 4118 869 4153 vers.
893 4095 1072 4156 108s.;
1102 4092 1280 4161 ibique
1296 4092 1499 4161 Spanh.

478 4182 591 4240 Cic.
601 4125 682 4238 pN.
706 4179 779 4236 D.
807 4177 893 4242 11,
926 4178 1023 4240 5²3
1050 4170 1499 4237 Curt.V,1.12

1614 1462 1725 1513 sqq.
1742 1470 1811 1484 --
1828 1443 2042 1498 Omnles
2056 1482 2069 1504 ,
2095 1441 2252 1496 bodie
2278 1445 2414 1504 Asi,
2448 1444 2644 1503 fluvius

1617 1523 1784 1595 Syria
1803 1562 1820 1589 ,
1847 1521 2181 1576 Antiochiam
2203 1525 2592 1593 preterfluens.

1681 1605 1793 1674 249.
1820 1603 2143 1655 Thermodon.
2171 1601 2393 1656 Etiamsi
2411 1602 2641 1660 Codices

1613 1681 1780 1734 nostri
1823 1682 2161 1733 Τάον-ποίου
2187 1680 2361 1734 serant
2379 1719 2395 1747 ,
2430 1681 2562 1736 item
2587 1694 2643 1737 et

1613 1758 1731 1813 edd.
1770 1769 1971 1813 veteres
1989 1799 2004 1825 ,
2043 1768 2223 1811 tamen
2247 1776 2375 1812 cum
2411 1760 2642 1814 Heinsio

1612 1836 1943 1906 reposuimus
1987 1838 2329 1900 Tbemodoae,·
2368 1854 2458 1890 res
2490 1857 2642 1893 nunc

1611 1924 1738 1967 nota
1762 1925 1841 1968 est
1855 1933 1964 1967 esse
1990 1915 2299 1966 Thermodon
2315 1932 2344 1967 a
2357 1919 2643 1990 Θερμῶὼν.

1609 1993 1710 2044 Ed.
1732 2017 1801 2033 ·-
1838 1994 2171 2050 Thermodon.
2199 1990 2390 2045 fluvius
2420 1991 2641 2064 Cappa-

1612 2067 1773 2122 dociae
1790 2107 1805 2135 ,
1840 2069 1984 2136 iuxta
2013 2088 2173 2138 quem
2203 2069 2504 2124 Amazones
2527 2070 2639 2125 ha-

1609 2146 1845 2200 bitabant
1877 2147 1935 2199 in
1974 2147 2220 2216 subjectis
2254 2145 2639 2222 Themiscyriis

1610 2222 1805 2292 campis
1820 2242 1835 2276 ι
1853 2221 2006 2277 Curt.
2019 2224 2129 2288 vl,
2146 2239 2203 2291 v,
2223 2227 2316 2290 ²43
2334 2224 2540 2279 Justin.
2559 2227 2635 2292 11,

1610 2303 1673 2366 4;
1698 2302 1762 2355 cs.
1787 2301 2027 2371 propert.
2053 2302 2168 2367 111,
2199 2302 2342 2372 Eleg.
2374 2319 2460 2356 ιιι
2479 2344 2498 2370 ,
2540 2306 2638 2371 16;

1611 2376 1798 2432 Senec-
1818 2380 1978 2433 Herc.
1996 2379 2121 2433 Fur.
2139 2399 2267 2434 vers.
2289 2380 2480 2445 abii—
2492 2386 2641 2437 Gan-

1605 2474 1696 2522 ges
1707 2455 1891 2522 ludin,
1903 2476 1932 2509 e
1947 2456 2172 2524 duobus,
2188 2468 2279 2511 aut
2290 2495 2306 2523 ,
2319 2468 2378 2510 ut
2391 2459 2638 2531 plerique

1612 2534 1874 2588 Veterum
1896 2534 2143 2601 tradunt,
2168 2545 2371 2605 septem
2397 2539 2640 2593 sontibus

1609 2611 1849 2668 exoriens
1865 2651 1881 2679 ,
1905 2613 2059 2667 tacite
2074 2612 2317 2667 defluens
2331 2624 2386 2668 et
2403 2616 2460 2669 in
2485 2633 2638 2671 mare

1612 2689 1856 2746 Rubrum
1870 2710 1925 2744 se
1946 2709 2236 2748 exonerans
2260 2692 2480 2763 :Vin-git.
2505 2695 2637 2749 AEn.

1611 2764 1723 2833 IX,
1754 2768 1851 2833 3o;
1881 2766 2033 2822 Curt.
2069 2768 2241 2836 vul,
2273 2777 2368 2835 tx,
2399 2774 2460 2834 5;
2490 2771 2636 2828 Ptin.

1612 2846 1722 2911 Vl,
1749 2867 1810 2899 υ
1835 2863 1848 2897 2
1871 2846 1991 2901 vide
2016 2848 2278 2903 Brouckh.
2302 2847 2638 2921 napi-opert.

1611 2923 1715 2988 Ill,
1736 2940 1851 2989 xxx,
1874 2924 2243 2986 ifi—fflasis,
2262 2925 2418 2980 bodie
2439 2930 2632 2992 Fessa,

1611 3000 1878 3056 Colchidis
1898 3004 2068 3057 amnis
2091 3003 2401 3059 clarissimus
2422 3045 2439 3073 ,
2482 3019 2542 3061 et
2571 3009 2632 3062 in

1608 3083 1843 3136 Pontum
1902 3081 2171 3136 Euxinum
2210 3102 2266 3137 se
2315 3084 2633 3142 immittens.

1608 3160 1798 3215 Strabo
1824 3161 1936 3228 lx,
1974 3182 2022 3232 p.
2045 3166 2179 3225 801³
2210 3162 2363 3218 Curt.
2399 3166 2519 3231 v1,
2556 3184 2629 3231 v,

1607 3241 1767 3293 25.—
1789 3242 1915 3293 ΒΜ
1930 3259 2130 3295 nomen
2155 3240 2281 3294 olim
2304 3241 2491 3297 babuit
2513 3263 2627 3299 non

1606 3317 1780 3371 omnis
1817 3316 2094 3371 Danubius
2115 3356 2130 3384 ,
2179 3318 2271 3372 sed
2312 3319 2441 3374 inde
2470 3361 2488 3387 ,
2535 3323 2631 3376 nbi

1605 3393 1909 3451 Germanic
1931 3394 2066 3450 fines
2087 3395 2294 3454 deserit.

1671 3480 1783 3529 250.
1805 3476 2048 3541 Alpheos.
2072 3475 2158 3528 De
2178 3475 2405 3545 Alpheo,
2421 3475 2544 3532 vide
2561 3479 2632 3532 ad

1602 3550 1744 3607 lib.V
1749 3554 1892 3622 ,3487
1892 3552 2631 3642 despatcheo‚adlib.1‚579.

1600 3657 1670 3686 -,-
1690 3633 1837 3698 Baejse
1856 3630 1973 3698 ejus
1995 3630 2199 3700 populis
2217 3632 2432 3685 consita
2455 3647 2633 3688 erant.

1669 3711 1781 3760 251.
1843 3710 2029 3775 Tagus.
2065 3707 2278 3763 Fluvius
2314 3708 2631 3779 Hispania,

1602 3803 1785 3839 aureas
1800 3784 2000 3840 vehens
2018 3805 2232 3853 arenas,
2259 3804 2378 3855 que
2397 3790 2567 3840 tune·
2549 3807 2632 3842 sn·

1599 3861 1790 3916 cendio
1825 3862 2195 3931 liquescebant.
2231 3867 2333 3918 Ed.
2379 3889 2449 3905 —·
2487 3868 2642 3922 Mna

1599 3959 1791 3996 aum.
1827 3942 1949 3996 Hoc
1972 3959 2180 4011 quoque
2203 3940 2318 3994 leve
2343 3952 2425 3994 est
2447 3942 2502 3993 in
2529 3941 2634 3996 bae

1599 4017 1938 4084 narratione,
1977 4028 2032 4072 et
2067 4018 2214 4089 quod
2250 4019 2525 4088 sequitur,
2556 4019 2632 4074 de

1597 4096 1778 4168 cygnis
1799 4097 2102 4152 calentibus.

1667 4175 1777 4226 252.
1798 4175 2048 4227 neumas
2060 4215 2078 4240 ,
2108 4175 2297 4247 Lydius
2317 4173 2532 4249 Caystri
2553 4183 2626 4229 η’·
