2975 4784
473 316 557 381 28
1267 308 1792 377 PRAEFATIO

475 450 780 543 504-24,
830 449 1162 551 Daphnen
1214 449 1579 546 fugientem
1625 466 1891 524 revocat
1916 504 1934 536 ,
1981 477 2234 549 suaque
2268 451 2606 525 connubia

474 574 924 664 commendat;
953 575 1037 651 ab
1055 604 1259 678 eaque
1278 575 1480 673 longe
1505 577 1902 676 discrepant,
1925 574 2195 675 quibus,
2210 578 2333 664 lx,
2365 573 2604 663 16-26,

472 702 809 778 Achelous
859 703 1185 803 Dejanirae
1242 703 1514 804 nuptias
1568 701 1796 775 ambit.
1852 703 1935 774 In
1981 700 2294 777 omnibus
2327 700 2436 774 his
2471 718 2605 774 tam

477 847 896 924 argumenta,
952 856 1151 929 quam
1207 827 1418 902 forma
1469 826 1843 900 orationum
1896 824 2199 927 personis
2247 824 2606 899 dicentium

476 951 735 1046 egregie
768 968 1214 1052 attemperata.
1284 950 1470 1026 Idem
1501 948 1678 1024 valet
1727 950 1805 1024 de
1836 950 2169 1051 soh'loquiis
2190 978 2219 1035 ,·
2273 947 2460 1050 quod
2487 975 2608 1047 ap-

474 1072 775 1177 parebit,
827 1073 884 1146 si
940 1074 1091 1174 quis
1123 1102 1280 1168 v.·c.
1318 1102 1503 1175 quae,
1538 1075 1677 1162 111,
1717 1071 2022 1173 262-72,
2066 1074 2288 1158 Juno,
2337 1087 2435 1159 et,
2474 1070 2604 1153 VI,
2681 1124 2687 1130 -

480 1196 796 1299 687-701
820 1254 839 1287 ,
872 1181 1123 1273 Boreas
1159 1226 1381 1274 secum
1412 1198 1819 1299 loquuntur,
1863 1214 1932 1271 et
1959 1195 2312 1297 separatim
2343 1210 2411 1268 et
2440 1193 2612 1266 inter

475 1348 546 1395 se
567 1319 807 1410 collata
830 1321 1361 1398 consideraverit.
1392 1324 1803 1398 Narratzbnes
1826 1319 2180 1396 nonnullas
2207 1336 2438 1395 auctor
2461 1315 2608 1392 aliis

476 1445 749 1533 tribuit,
786 1473 1007 1548 eaeque
1030 1464 1298 1522 moratae
1323 1447 1484 1521 satis
1511 1466 1707 1536 sunt;
1743 1447 2026 1548 ideoque
2050 1445 2264 1519 forma
2294 1439 2615 1517 dissident

479 1588 613 1645 tam
646 1600 685 1645 a
720 1598 788 1645 se
820 1571 1129 1660 invicem,
1166 1602 1366 1673 quam
1397 1573 1483 1646 ab
1520 1574 1886 1649 Ovidianis.
1921 1573 2115 1648 Alius
2146 1572 2334 1647 color
2368 1571 2450 1644 iis
2480 1587 2608 1655 est,

488 1725 672 1803 quae,
708 1699 850 1785 111,
889 1695 1204 1797 582-691
1232 1753 1252 1785 ,
1286 1699 1590 1788 Acoetes3
1626 1662 1830 1788 adius,
1881 1729 2046 1800 quae,
2085 1701 2180 1787 V,
2240 1696 2552 1799 577-641
2589 1752 2608 1782 ,

484 1820 821 1895 Arethusa
855 1820 936 1894 de
967 1849 1076 1910 se;
1135 1821 1333 1910 alius,
1374 1850 1520 1922 quae
1554 1823 1840 1911 AEacus,
1871 1826 2043 1911 VII,
2101 1819 2416 1895 518-660
2440 1875 2460 1909 ,
2532 1819 2613 1893 de

479 1960 667 2046 peste
688 1963 756 2019 et
778 1945 1278 2046 Myrmidonum
1300 1975 1577 2022 suorum
1602 1946 1890 2042 origine'3
1926 1945 2095 2022 alius
2121 1944 2434 2045 denique,
2466 1972 2615 2045 quae

490 2068 867 2169 Cephalus,
904 2071 1035 2144 Vll
1058 2127 1078 2159 ,
1115 2068 1435 2171 690-862
1457 2125 1477 2159 ,
1530 2071 1611 2146 de
1646 2072 1958 2147 Procride
1995 2100 2150 2161 sua,
2185 2071 2497 2147 referunt.
2532 2074 2617 2145 In

483 2195 699 2298 prima
729 2213 998 2270 nautam
1019 2194 1101 2271 de
1126 2195 1331 2271 rebus
1353 2196 1494 2283 suis
1521 2197 1916 2292 garrientem
1943 2214 2013 2270 et
2042 2223 2237 2271 causa
2259 2225 2380 2270 sua
2408 2193 2620 2269 fiden-

483 2340 617 2396 tem
643 2322 867 2396 audire
889 2322 1014 2421 tibi
1036 2322 1277 2396 videris
1298 2352 1316 2411 ;
1345 2321 1630 2429 ideoque
1649 2340 1716 2398 et
1737 2322 2142 2418 ignoscimus
2167 2321 2356 2397 facile
2382 2340 2610 2425 poetae,

488 2446 669 2548 quod
708 2445 1005 2520 Penthea
1036 2444 1472 2520 furibundum
1516 2445 1738 2543 longis
1790 2445 1924 2520 illis
1975 2446 2368 2542 ambagibus
2418 2475 2603 2521 aures

484 2573 901 2673 praebentem·
941 2570 1152 2645 finxit.
1206 2569 1435 2645 Altera
1490 2570 1911 2673 simplicitate
1957 2589 2060 2646 est
2089 2570 2467 2672 conspicua.
2531 2573 2610 2643 ln

486 2698 718 2777 ultima
753 2700 1047 2775 adfectus
1084 2697 1472 2779 tenerrimus
1503 2709 1879 2773 narrantem
1914 2697 1998 2772 ab
2031 2697 2223 2771 initio
2269 2726 2489 2798 usque
2534 2692 2616 2770 ad

484 2824 687 2899 finem
720 2824 1022 2913 deducit,
1073 2822 1502 2923 studiumque
1544 2821 1825 2897 venandi
1862 2820 2233 2896 interlucet.
2279 2821 2621 2897 Narratio-

491 2951 699 3025 nibus
732 2950 1139 3051 interpositae
1171 2967 1330 3023 sunt
1354 2947 1654 3023 locorum
1676 3004 1696 3035 ,
1727 2946 2074 3022 hominum
2115 2975 2470 3047 rerumque
2510 2946 2620 3020 de-

488 3075 870 3175 scriptiones,
913 3104 1058 3177 quae
1087 3074 1512 3151 multitudine
1535 3131 1553 3164 ‚
1601 3073 1911 3150 varietate
1963 3091 2033 3149 et
2073 3075 2454 3176 praestantia
2500 3105 2616 3150 sua

490 3228 631 3275 non
662 3199 963 3294 exiguam
995 3199 1214 3301 operis
1245 3217 1505 3301 partem
1539 3197 1853 3273 efficiunt.
1906 3198 2351 3300 Quocumque
2385 3199 2616 3274 oculos

495 3324 976 3403 circumtuleris
997 3381 1016 3414 ,
1046 3326 1525 3428 descriptiones
1560 3325 1683 3399 tibi
1720 3342 2071 3399 occurrent
2103 3324 2238 3400 sive
2268 3324 2582 3421 imagines
2600 3381 2619 3412 ,

501 3480 646 3554 quae
693 3470 758 3527 te
809 3451 1151 3526 advertent
1201 3468 1269 3526 et
1307 3451 1647 3527 tenebunt.
1699 3449 2124 3524 Phantasiam
2172 3469 2384 3552 poetae
2421 3451 2493 3525 in
2542 3451 2622 3524 iis

496 3576 739 3651 enitere
770 3576 903 3675 jam
934 3603 1137 3676 supra
1169 3576 1438 3661 monui,
1491 3574 1609 3649 sed
1659 3592 1725 3651 et
1769 3572 2091 3674 judicium
2139 3577 2281 3674 ejus
2330 3575 2400 3648 in
2460 3573 2624 3648 deli-

498 3699 730 3797 gendis
764 3699 1069 3801 partibus
1094 3755 1113 3787 ,
1154 3726 1233 3772 ex
1287 3697 1537 3796 quibus
1582 3698 1901 3795 imagines
1953 3700 2337 3803 compositae
2362 3755 2381 3788 ,
2424 3718 2623 3799 atque

499 3825 628 3900 vim
679 3823 1004 3926 poeticam
1048 3820 1237 3895 iniis
1279 3823 1676 3898 exornandis
1715 3824 2018 3901 admirari
2075 3825 2249 3901 licet.
2315 3828 2394 3899 In
2441 3825 2620 3920 regia

502 3949 715 4040 Solis,
746 3951 852 4037 11,
897 3945 1161 4037 25-30,
1195 3973 1335 4021 non
1378 3974 1612 4022 aurum
1661 3978 1892 4025 rursus
1935 3950 2138 4025 nobis
2182 3968 2252 4025 et
2293 3978 2623 4052 pyropum

502 4075 829 4165 ostendit,
859 4072 974 4150 sed
993 4129 1012 4162 ,
1042 4089 1118 4148 ut
1142 4099 1493 4175 personas,
1522 4072 1749 4163 Diem,
1783 4077 2118 4165 Mensem,
2151 4077 2424 4151 Annum
2442 4129 2461 4162 ,
2501 4072 2626 4146 Se·-
