2975 4784
769 481 1808 552 METAMORPHOSEON
1854 480 2049 550 LIB.
2102 483 2278 551 VII.

2454 440 2601 548 355·

427 592 438 603 .
469 623 825 710 Continui3
853 620 1059 709 male,
1098 622 1298 724 quin,
1332 638 1410 696 ut
1439 619 1744 723 oportuit
1764 675 1784 708 ‚
1824 617 2051 693 oscula
2083 618 2336 694 ferrem.

465 724 711 813 Tristis
742 754 916 825 erat;
952 737 1068 812 sed
1103 735 1290 811 nulla
1321 754 1539 810 tamen
1563 736 1919 811 formosior
1952 733 2067 809 illa

2489 759 2588 828 730

467 856 630 927 Esse
662 868 885 954 potest
916 853 1127 939 tristi3
1166 852 1625 954 desiderioque
1655 850 1911 926 calebat

469 969 790 1068 Conjugis
825 969 1082 1069 abrepti
1111 999 1126 1041 :
1157 987 1230 1043 tu
1259 967 1536 1064 collige,
1576 966 1790 1069 qualis
1824 968 1895 1040 in
1929 964 2044 1038 illa
2065 1021 2085 1052 ‚

466 1086 690 1161 Phoce
711 1141 730 1172 ,
770 1085 970 1160 decor
1004 1085 1205 1159 suerit
1225 1140 1245 1172 ‚
1280 1113 1477 1186 quam
1512 1083 1607 1159 sic
1638 1083 1837 1157 dolor
1868 1083 2010 1184 ipse
2043 1080 2335 1156 decebat.

470 1200 657 1298 Quid
689 1199 962 1275 referam
981 1256 999 1288 ‚
1036 1199 1300 1301 quoties
1332 1200 1691 1275 tentamina
1718 1216 1950 1273 nostra
1978 1196 2205 1297 pudici

469 1314 913 1416 Reppulerint
942 1317 1216 1390 mores?
1250 1316 1549 1418 quotie8‚
1593 1348 1627 1379 «
1662 1317 1813 1411 Ego
1834 1370 1853 1401 ‚
1892 1313 2167 1401 dixerit,
2200 1312 2316 1386 uni

2488 1334 2587 1405 735

469 1463 510 1496 »
542 1430 781 1504 Servor
801 1486 821 1518 ‚
850 1431 1255 1532 ubicumque
1291 1448 1428 1518 est3
1463 1430 1581 1505 uni
1606 1458 1748 1505 mea
1781 1429 2019 1526 gaudia
2050 1430 2289 1503 servo?
2314 1461 2350 1494 »

472 1547 603 1622 Cui
627 1575 762 1620 non
794 1546 921 1621 ista
948 1545 1077 1622 fide
1111 1547 1270 1620 satis
1301 1545 1704 1648 experientia
1739 1573 1902 1619 sano

467 1663 715 1758 Magna
745 1660 974 1736 foret?
1006 1690 1146 1735 non
1176 1689 1326 1735 sum
1359 1678 1752 1748 contentus,
1787 1677 1855 1734 et
1886 1660 1956 1732 in
1989 1687 2133 1734 mea
2164 1687 2395 1762 pugno

472 1775 767 1850 Vulnera
789 1832 809 1865 ,
847 1776 1004 1850 dum
1037 1802 1272 1850 census
1308 1774 1461 1849 dare
1496 1760 1600 1850 nie
1629 1802 1754 1876 pro
1785 1792 1982 1848 nocte
2014 1773 2351 1875 paciscor3

475 1893 889 1992 Muneraque
921 1890 1227 1988 augendo
1257 1890 1521 1965 tandem
1547 1889 1854 1964 dubitare
1884 1888 2092 1983 coegi.

2499 1907 2596 1978 νῖν»

473 2008 789 2083 Exclamo
820 2038 837 2081 :
874 2041 910 2075 «
945 2007 1126 2083 Male
1160 2024 1373 2081 tectus
1399 2035 1526 2102 ego
1558 2033 1678 2090 en,
1713 2003 1880 2078 male
1912 2021 2145 2106 pactus
2174 2001 2476 2093 adulter;

481 2158 517 2190 »ι
555 2127 774 2199 Verus
809 2118 980 2199 e'ram
1009 2123 1289 2222 conjux;
1318 2150 1422 2196 me
1443 2177 1463 2210 ‚
1498 2118 1783 2223 perfida,
1818 2135 1982 2193 teste
2018 2120 2277 2195 teneris.
2312 2151 2347 2185 »

475 2240 600 2315 Illa
629 2239 801 2314 nihil
834 2270 849 2314 ε
882 2240 1080 2315 tacito
1116 2238 1574 2314 tantummodo
1600 2236 1771 2310 victa
1802 2234 2056 2337 pudore

478 2353 809 2429 Insidiosa
837 2353 1014 2428 malo
1049 2381 1198 2427 cum
1231 2354 1512 2452 conjuge
1545 2351 1773 2425 limina
1804 2351 2019 2447 fugin

480 2469 884 2572 Offensaque
918 2468 1046 2544 mei
1083 2484 1288 2564 genus
1317 2496 1512 2542 omne
1540 2496 1775 2569 perosa
1805 2468 2100 2541 virorum

2499 2491 2598 2562 74⁵

479 2586 834 2661 Montibus
866 2585 1164 2674 errabat,
1198 2582 1438 2658 studiis
1468 2602 1746 2685 operata
1780 2583 2026 2659 Diana.

544 2762 657 2832 730.
696 2763 855 2819 Nulla
888 2769 1057 2816 tamen
1077 2761 1362 2829 famosior.
1403 2758 1490 2821 De

480 2843 657 2895 decore
671 2839 727 2894 in
749 2841 898 2895 omni
919 2840 1099 2894 habitu
1118 2879 1133 2906 ,
1159 2838 1276 2893 vide
1301 2836 1365 2891 ad
1386 2837 1488 2903 IV,

481 2918 595 2972 230.
627 2942 694 2958 --
730 2921 946 2974 Calcha!
964 2918 1262 2989 exquisitim
1280 2955 1296 2984 ,
1333 2934 1494 2986 quam

483 2994 705 3048 aliorum
729 2998 933 3049 dolebat
951 3014 972 3061 ‚-
999 2996 1231 3051 adfectus
1247 3013 1373 3048 eum
1395 3012 1496 3048 re·-

482 3071 645 3124 volvit
674 3071 740 3125 ad
762 3074 988 3125 decorem
1011 3073 1263 3142 conjugis.
1283 3100 1351 3113 -—
1374 3070 1498 3126 Co-

481 3146 584 3202 dex
606 3147 803 3217 Regius
825 3147 872 3200 B
899 3147 1058 3201 habet
1077 3151 1284 3201 dolebat
1303 3188 1317 3209 ‚
1359 3159 1415 3202 et
1439 3149 1495 3200 in

484 3225 721 3295 margine
738 3263 755 3291 ‚
794 3227 1007 3280 calebat.
1043 3252 1111 3265 -—
1145 3226 1372 3293 Abreple‘.
1408 3222 1499 3277 sic

487 3302 639 3374 Regii
662 3303 844 3356 nostri.
862 3301 1011 3356 Olim
1033 3300 1284 3354 edebatur
1308 3305 1498 3368 mpii,-

490 3381 725 3452 quidam,
735 3384 945 3448 πτερω
957 3378 1047 3435 sed
1066 3379 1304 3433 videatur
1312 3380 1499 3436 Heius.

556 3459 667 3529 736.
694 3461 926 3521 Gaudia,
956 3476 1055 3511 vox
1076 3475 1300 3510 venerea
1324 3476 1337 3510 :
1360 3457 1500 3528 apud

488 3537 698 3591 Livium
714 3575 730 3603 ,
772 3535 796 3588 1
819 3575 836 3603 ,
862 3536 926 3590 58
942 3572 958 3601 ,
994 3534 1182 3589 Sextus
1208 3534 1501 3602 pestiferum

485 3617 608 3667 hinc
617 3615 1096 3681 abstulitgendiaen.
1109 3615 1360 3681 —Pum
1371 3653 1385 3675 ‚
1404 3633 1503 3684 op-

489 3710 669 3762 pugno
684 3692 964 3745 mulierem
974 3692 1030 3744 in
1043 3709 1225 3745 meum
1240 3690 1397 3761 ipsius
1411 3692 1503 3744 do-

487 3771 673 3826 lorem.
700 3798 769 3812 —
797 3772 988 3824 Census
1005 3810 1019 3833 ‚
1069 3770 1298 3839 pretium
1323 3809 1341 3837 ,
1378 3789 1506 3824 mu-

488 3868 633 3903 nera.
660 3875 730 3890 -—
749 3850 850 3902 Pm
878 3855 1026 3902 nocte
1054 3848 1126 3902 aie
1147 3847 1462 3917 capiendum
1485 3886 1502 3916 ,

490 3935 551 3979 ut
571 3925 711 3997 apud
738 3926 1054 3980 Terentium
1076 3965 1093 3993 ‚
1120 3925 1253 3980 Hec.
1281 3926 1368 3994 11,
1400 3942 1501 3994 m,

495 4007 591 4061 12⁵
611 4043 627 4071 ,
651 4005 765 4072 ejus
784 4011 977 4058 zoclen
995 4023 1151 4058 omn.
1172 4032 1241 4046 —
1257 4007 1509 4059 Dubitm

493 4080 729 4137 modeste
762 4081 1005 4152 exprimit
1043 4081 1210 4137 fidem
1243 4081 1508 4137 Procridis

496 4158 875 4215 labefactatam.

568 4241 678 4308 74¹·
695 4242 839 4296 Male
849 4246 1011 4295 lectus
1030 4259 1120 4310 cp
1134 4250 1231 4296 etc.
1255 4239 1303 4295 E
1319 4259 1510 4311 inagna

1582 2762 1884 2832 ineptarum
1906 2763 2192 2823 lectionum
2214 2762 2481 2829 varietate,
2504 2762 2598 2817 dis-

1587 2840 1723 2895 fieile
1747 2851 1825 2895 est
1847 2840 2038 2911 aliquid
2063 2841 2193 2896 certi
2216 2860 2418 2895 eruere.
2438 2839 2601 2912 Opti-

1587 2937 1739 2971 mum
1763 2917 1893 2971 mihi
1915 2917 2124 2971 videtur
2151 2918 2451 2971 Burmanni
2477 2935 2601 2973 con·

1588 2996 1847 3065 iecturam
1877 2996 2023 3066 aequi
2050 3034 2067 3061 ,
2105 2997 2249 3049 Male
2279 3001 2439 3050 tectus
2467 3014 2560 3063 ego
2582 3034 2597 3057 ,

1591 3077 1895 3144 nalefictus
1922 3076 2132 3127 adulter.
2164 3072 2415 3127 Heinsius
2438 3090 2453 3125 ι
2476 3074 2603 3125 Ex-

1590 3155 1758 3205 claaeo
1773 3171 1852 3205 ne
1861 3152 2051 3220 sessus
2062 3190 2077 3213 ,
2104 3152 2218 3220 Ego
2232 3170 2294 3205 en
2315 3153 2447 3203 nale
2457 3170 2599 3219 pac-

1591 3232 1675 3278 tus
1707 3228 1832 3292 (aut
1841 3223 2044 3296 fictus)
2072 3229 2282 3281 adulter.
2320 3253 2387 3269 —·
2421 3226 2603 3281 Lectio

1593 3304 1799 3375 vulgata
1816 3305 2035 3359 sciolum
2052 3305 2269 3360 redolet.
2295 3304 2478 3360 Codex
2492 3305 2601 3359 Re-

1594 3381 1707 3452 gius
1724 3381 1771 3435 A
1789 3420 1805 3448 ,
1823 3384 1989 3445 Male,
2001 3390 2209 3451 poclm
2223 3385 2421 3451 detego,
2444 3388 2605 3435 tecm

1595 3463 1824 3525 adulter,-
1852 3478 1964 3513 non
1989 3459 2207 3514 ώσω-(1ο
2231 3458 2447 3530 quidem
2473 3478 2487 3513 ι
2511 3457 2605 3513 aed

1602 3535 1783 3591 Codex
1814 3538 1861 3591 B
1887 3576 1902 3604 ,
1943 3539 2118 3601 Hele,
2150 3545 2361 3607 pectam
2392 3541 2565 3605 detego
2588 3575 2605 3601 ,

1577 3617 1741 3684 fictus
1756 3617 1986 3680 dullen·
2013 3616 2210 3685 optime
2233 3625 2407 3671 oerte:
2433 3624 2488 3668 et
2509 3633 2569 3668 ea
2591 3652 2608 3680 ‚

1598 3691 1657 3745 ni
1674 3691 1842 3758 fallor,
1856 3712 1978 3746 vera
1992 3703 2070 3747 eat
2081 3692 2250 3748 lectio.
2264 3692 2574 3746 zea—Male
2583 3732 2597 3753 ‚

1596 3769 1655 3822 in
1680 3788 1860 3823 meum
1880 3770 2152 3824 damnum.
2170 3796 2237 3811 —-
2268 3771 2476 3833 Tectaes,
2501 3769 2608 3823 sive

1578 3850 1743 3917 fictus
1752 3888 1766 3911 ,
1780 3849 1998 3913 dullen·
2016 3847 2285 3901 simulatus
2301 3864 2449 3903 eram
2463 3846 2611 3901 adul·

1598 3937 1700 3993 ter,
1721 3924 1815 3979 sed
1837 3946 1992 3987 verua
2013 3926 2221 3996 conjux.
2244 3928 2345 3980 Ed.
2364 3954 2431 3970 -·-
2453 3928 2612 3979 Tene-

1598 4009 1706 4070 n:e‚·
1731 4002 2054 4073 deprehensa
2090 4003 2429 4060 convinceris.
2467 4002 2611 4057 Vide

1602 4081 1815 4137 Ernesti
1841 4080 1989 4141 Clav.
2015 4080 2128 4137 Cic.
2158 4081 2210 4134 h.
2232 4101 2282 4135 v.

1669 4161 1778 4229 746.
1818 4163 2042 4216 Errabat
2072 4163 2130 4215 in
2170 4165 2421 4216 mentun
2460 4177 2614 4214 more

1604 4255 1809 4306 earum,
1829 4257 1947 4309 quie
1964 4238 2232 4310 fugiebant
2249 4239 2387 4295 viro·
2408 4245 2463 4292 et
2476 4253 2623 4290 amo-
