2975 4784
467 382 564 468 44

1030 378 1110 450 P.
1178 382 1533 454 OVIDII
1603 382 2056 454 NASONIS

470 523 825 625 Adspirate
860 524 1057 611 meis,
1092 524 1432 626 primaque
1466 525 1551 599 ab
1587 526 1843 622 origine
1878 524 2113 599 mundi

474 638 585 712 Ad
616 667 759 713 mea
793 656 1192 740 perpetuum
1227 639 1531 715 deducite
1569 659 1870 742 tempora
1904 666 2183 714 carmen.

575 756 630 827 1.
660 756 890 841 ANTE,
926 782 1103 829 mare
1138 773 1206 829 et
1240 754 1437 831 tellus
1472 773 1539 829 et
1570 756 1755 858 quod
1793 757 1961 852 tegit
1992 754 2218 830 omnia
2250 751 2520 843 caelum,
2575 777 2608 827 5

474 943 760 1014 doquidem
776 967 869 1001 vos
887 966 998 1001 non
1017 948 1178 1001 modo
1196 958 1384 1002 cetera
1405 968 1496 1001 re·-

476 1021 593 1091 gitis
611 1062 627 1089 ,
651 1040 840 1078 verum
861 1030 1014 1079 eliam
1038 1027 1232 1078 formas
1252 1025 1360 1079 illas
1383 1044 1496 1078 mu·

476 1103 620 1157 tastis
636 1143 651 1170 ,
681 1124 808 1174 quas
829 1125 928 1177 ego
952 1106 1055 1160 hoc
1072 1106 1305 1159 carmine
1326 1124 1496 1174 perse·

480 1199 626 1249 quar.
648 1181 751 1235 Cui
762 1184 861 1238 hoc
875 1183 1110 1254 displicet
1124 1224 1139 1249 ,
1156 1185 1198 1237 is
1214 1204 1243 1236 e
1259 1182 1497 1237 lectionis

475 1259 725 1313 varietate
742 1263 983 1331 preferat
991 1265 1205 1315 rosdon.
1219 1262 1344 1314 Non
1358 1261 1495 1314 bene

478 1339 739 1408 Koeppen.
754 1340 1212 1408 melconiunxit
1232 1350 1385 1408 atque
1402 1358 1500 1409 per

473 1422 655 1472 etenim
675 1417 934 1486 explicuit.
950 1445 1019 1458 —
1044 1420 1162 1480 Vos,
1188 1417 1351 1471 Palat.
1372 1418 1499 1473 Bar·

481 1515 602 1565 neg.
628 1513 767 1547 unus
789 1495 948 1549 Ham.
976 1515 1006 1548 a
1028 1514 1099 1548 m.
1121 1516 1198 1565 pr.
1221 1505 1273 1549 et
1294 1494 1498 1549 schedae

480 1571 670 1633 Leod.‚
698 1574 810 1635 Di,
838 1592 954 1641 qun
973 1574 1217 1642 repetitio
1240 1574 1499 1627 concinna

481 1650 704 1703 Heinsio
714 1649 991 1702 videbatur
1003 1661 1058 1703 et
1069 1669 1285 1704 nervosa
1301 1671 1314 1703 ι
1331 1651 1500 1703 immo

479 1727 658 1795 inepta
680 1727 830 1779 soret.
853 1726 1036 1780 Potius
1054 1734 1248 1779 mutare
1260 1726 1500 1780 consulto

480 1803 1049 1872 repetitum.l)itamen
1064 1802 1500 1858 deditMitscherl.

483 1908 550 1920 -—
581 1882 656 1933 Et
675 1884 811 1933 illas.
847 1880 1019 1935 codd.
1043 1882 1258 1952 quidam
1283 1886 1501 1936 easdem,

486 1961 736 2015 Francius
758 1981 947 2031 parum
970 1962 1189 2015 feliciter
1216 1962 1354 2032 conj.
1381 1981 1393 2015 :
1419 1961 1502 2014 vel

482 2057 600 2090 nam
621 2057 713 2090 vos
728 2045 966 2091 mutastis
985 2044 1039 2092 in
1053 2043 1148 2093 illa
1157 2080 1172 2102 ,
1198 2038 1283 2093 vel
1296 2057 1510 2108 namque

488 2118 587 2170 has
604 2121 843 2170 mulasltir
862 2121 916 2171 ιἰι
936 2121 1044 2169 ma.

555 2195 602 2247 3.
617 2195 894 2262 Adspirate
904 2199 1043 2248 meis.
1058 2194 1252 2249 Adeste
1271 2233 1286 2260 ,
1306 2195 1473 2248 favete
1493 2214 1507 2258 ;

492 2272 802 2342 metaphora
837 2285 1043 2344 sumpta
1080 2294 1109 2327 a
1149 2272 1513 2344 navigantibus

494 2351 682 2419 quibus
716 2364 877 2406 vento
913 2353 1207 2424 adspirante
1244 2372 1375 2422 opus
1419 2361 1513 2405 est.

497 2431 630 2485 Haec
648 2432 909 2486 invocatio
933 2452 1119 2502 parum
1147 2432 1395 2486 solemnis
1418 2450 1515 2500 pro

496 2520 647 2563 tanto
665 2521 719 2564 et
743 2520 853 2563 tam
873 2511 1013 2581 gravi
1032 2530 1206 2581 opere.
1220 2510 1368 2581 Virg.
1388 2509 1515 2564 AEn.

496 2588 584 2641 lib.
609 2588 707 2654 lx,
728 2591 851 2642 525:
878 2592 998 2661 Vos,
1013 2609 1045 2641 o
1066 2591 1301 2655 Calliope,
1316 2607 1508 2656 precor,

496 2669 754 2733 adspirate
763 2671 980 2721 canenti.
998 2666 1099 2720 Ed.
1109 2671 1441 2733 —Primaque
1452 2668 1520 2718 ab

498 2748 687 2811 origine
711 2748 897 2797 mundi.
929 2745 1053 2798 Post
1084 2744 1291 2796 Lucret.
1322 2742 1522 2812 phrasis

499 2823 611 2876 sere
634 2823 881 2877 solemnis
903 2823 958 2876 in
982 2822 1078 2876 hac
1091 2842 1147 2876 re
1167 2820 1299 2874 wid.
1317 2820 1520 2875 Ciosan.

503 2900 654 2953 Bene
674 2912 729 2955 et
745 2902 1003 2955 ambitum
1020 2900 1191 2972 operis
1206 2909 1260 2953 et
1275 2907 1522 2952 naturam

506 2981 773 3049 propriam
798 2981 852 3033 in
878 2981 1059 3034 limine
1083 2978 1293 3033 indicat.

574 3059 624 3123 4.
639 3059 946 3124 Perpetuam.
964 3057 1137 3111 Codd.
1153 3056 1395 3111 nonnulli
1412 3075 1528 3110 con-

506 3139 723 3196 tinuum,
754 3137 1083 3213 improbante
1097 3138 1283 3190 Burm.
1307 3135 1530 3190 Utrum·

514 3233 615 3284 que
638 3213 828 3268 eodem
850 3214 1001 3269 redit.
1028 3215 1205 3269 Etiam
1224 3215 1362 3270 Plin.
1387 3214 1496 3268 v11
1511 3254 1525 3277 ‚

515 3293 613 3364 Ep.
635 3309 692 3346 lx
706 3332 721 3361 ,
739 3313 773 3367 9
786 3332 801 3359 ,
826 3297 1110 3346 continuum
1122 3313 1320 3347 carmen
1338 3291 1531 3347 eodem

511 3391 685 3425 sensu.
708 3371 793 3424 Ad
816 3382 1062 3425 naturam
1078 3373 1249 3441 operis
1269 3372 1533 3427 declaran-

517 3448 639 3502 dam
666 3449 928 3504 delectum
943 3457 1022 3502 est
1038 3449 1350 3503 vocabulum
1367 3489 1382 3517 ,
1400 3470 1533 3519 per-

509 3535 717 3596 petuam
733 3568 745 3589 ‚
776 3544 887 3580 non
904 3527 1261 3596 interruptum
1281 3567 1296 3593 ,
1323 3547 1429 3581 una
1451 3547 1538 3580 se·-

514 3606 592 3659 rie
610 3625 950 3675 procurrens3
968 3617 1029 3660 ut
1044 3605 1179 3677 apud
1199 3605 1305 3660 Cic.
1321 3605 1473 3659 Verr.
1486 3606 1534 3673 1,

519 3685 551 3750 4
569 3724 584 3752 ,
617 3691 858 3751 perpetua
876 3690 1039 3737 oratio
1056 3724 1069 3747 ,
1111 3694 1164 3736 et
1190 3683 1287 3737 Or.
1315 3682 1369 3735 11
1388 3721 1404 3748 ,
1437 3684 1500 3748 54
1519 3722 1534 3750 ,

518 3765 763 3814 semonn-
768 3765 1090 3829 perpetuans.
1104 3761 1248 3830 Ergo
1249 3765 1540 3827 perpetuum

521 3860 719 3894 carmen
734 3880 748 3903 ,
796 3840 850 3893 in
895 3858 1002 3910 quo
1039 3839 1226 3893 sabulae
1262 3856 1447 3891 omnes
1482 3839 1541 3892 in

527 3921 682 3974 unius
714 3918 946 3990 corporis
985 3917 1212 3988 speciem
1245 3918 1543 3985 conjuncta

1589 954 1961 1016 minepetpcluo
1969 952 2230 1007 celebrare,
2250 966 2437 1001 omnes
2452 948 2613 1003 Athe-

1590 1045 1780 1080 narum
1801 1025 1978 1080 laudes
1997 1028 2134 1093 justo
2150 1025 2337 1079 ordine
2351 1027 2610 1095 persequi.

1591 1132 1657 1144 —
1669 1107 1943 1167 Deducile,
1970 1103 2093 1157 inde
2109 1104 2173 1157 ab
2191 1103 2341 1157 initio
2361 1123 2526 1174 usque
2546 1103 2612 1156 ad

1594 1183 1759 1236 finem
1784 1181 1916 1236 mihi
1939 1181 2185 1236 scribenti
2209 1179 2401 1235 adeste.
2437 1181 2612 1234 Ducta

1593 1271 1672 1315 est
1700 1260 2008 1329 metaphora
2040 1279 2070 1312 a
2101 1258 2366 1325 lanificio,
2400 1258 2493 1312 ubi
2526 1257 2614 1311 fila

1592 1341 1904 1392 deducuntur
1920 1355 2017 1407 per
2038 1335 2235 1397 radios.
2261 1336 2362 1401 lv,
2380 1336 2459 1389 36.
2486 1336 2616 1391 Usi-

1594 1428 1765 1471 tatum
1785 1426 1963 1469 autem
1983 1424 2062 1468 est
2079 1453 2096 1480 ,
2120 1412 2383 1467 scribendi
2398 1433 2614 1484 operam

1594 1513 1718 1550 cum
1744 1504 1945 1548 textura
1969 1501 2023 1544 et
2038 1490 2265 1544 lanificio
2289 1510 2612 1561 comparare.

1597 1572 1721 1626 Vid.
1737 1571 1922 1625 Burm.
1941 1568 2006 1622 ad
2034 1568 2155 1622 Am.
2177 1568 2203 1621 l
2224 1608 2239 1635 ,
2262 1571 2324 1635 ιζ
2341 1609 2357 1634 ,
2384 1590 2428 1640 7.
2452 1570 2615 1625 Poeta

1595 1653 1799 1704 deducu
1806 1657 2200 1718 argumentum,
2218 1666 2382 1716 quum
2399 1647 2452 1700 id
2467 1657 2613 1701 trac-

1597 1736 1673 1779 tat
1687 1726 1912 1779 abinitio
1931 1743 2094 1794 usque
2115 1723 2178 1777 ad
2195 1723 2358 1778 finem
2367 1724 2526 1778 Trist.
2539 1724 2614 1792 11,

1599 1804 1726 1858 560:
1751 1805 1811 1856 In
1829 1810 1919 1856 lua
1935 1807 2129 1857 deduxi
2139 1812 2363 1873 tempora
2378 1845 2392 1866 ‚
2415 1806 2613 1867 Cesar,

1595 1905 1734 1954 opus.
1757 1885 1864 1940 Sed
1884 1904 2029 1939 nunc
2045 1884 2283 1940 modeste
2306 1884 2617 1939 translatum

1601 1963 1666 2016 ad
1683 1963 1841 2017 Deos.
1862 1992 1929 2003 —
1941 1964 2160 2016 Admea
2178 1971 2411 2029 tempora.
2434 1962 2618 2030 Usque

1605 2038 1670 2092 ad
1698 2050 1905 2094 aetatem
1926 2082 1938 2101 ,
1980 2039 2042 2092 ad
2070 2040 2385 2094 memoriam
2407 2056 2581 2091 meam
2607 2054 2621 2089 z

1606 2119 1672 2173 ad
1715 2120 2034 2190 principium
2073 2120 2266 2174 scilicet
2317 2116 2620 2188 imperantis

1609 2197 1847 2269 Augusti.
1863 2201 1961 2251 Ed.
1973 2226 2041 2239 —-
2056 2196 2326 2251 Caeterum
2337 2196 2437 2249 hoc
2452 2205 2623 2249 totum

1609 2278 1882 2330 exordium
1899 2276 2030 2331 adeo
2048 2276 2348 2346 displicebat
2360 2275 2624 2346 Scaligero

1609 2358 1846 2428 poet.lib.
1863 2357 1960 2424 VI,
1977 2377 2089 2427 pag.
2103 2357 2217 2419 862,
2235 2365 2293 2407 ut
2306 2355 2411 2423 ipse
2424 2373 2628 2406 novum

1609 2436 1971 2502 substitueret,
1994 2432 2083 2487 sed
2101 2433 2262 2485 invita
2274 2430 2518 2482 Minerva
2542 2441 2634 2493 ;et

1612 2520 1930 2590 gravissimas
1964 2512 2273 2570 temeritatis
2311 2530 2418 2565 suae
2448 2530 2631 2581 poenas

1612 2594 1760 2649 dedit
1781 2606 1895 2648 tum
1913 2592 2021 2645 aliis
2040 2631 2054 2658 ,
2074 2602 2190 2644 tum
2210 2588 2551 2658 Caposerreo.

1681 2676 1727 2727 5.
1742 2675 1879 2743 Aule
1890 2711 1904 2734 ,
1927 2688 2063 2722 mare
2076 2677 2130 2722 et
2144 2671 2296 2721 lellus
2317 2678 2415 2721 etc.
2434 2668 2634 2720 Crcalio

1614 2752 1810 2811 mundi,
1834 2744 2271 2816 metamorphosis
2280 2744 2521 2798 omnium
2534 2745 2634 2814 pri·

1615 2844 1705 2877 ma
1732 2863 1748 2892 ,
1806 2822 2097 2893 eademque
2138 2823 2452 2893 gravissima.
2496 2822 2635 2875 Am-

1616 2902 1794 2973 plexus
1808 2912 1984 2955 antem
2001 2912 2078 2955 est
2094 2913 2247 2971 poeta
2265 2941 2280 2969 ,
2298 2920 2498 2971 suoque
2516 2918 2638 2952 mo-

1619 2980 1689 3033 do
1717 2980 1984 3033 exornavit
2004 2980 2354 3046 sententiam,
2382 2997 2500 3048 quae
2528 2978 2639 3047 jam

1619 3057 1747 3112 olim
1783 3058 1953 3110 suerat
1994 3057 2382 3130 AEgyptiorum.
2425 3056 2637 3109 Horum

1621 3136 1766 3189 enim
1793 3135 1848 3188 in
1875 3134 2013 3189 scitis
2045 3145 2190 3200 erat,
2233 3145 2445 3188 auctore
2482 3132 2639 3202 Diog.

1623 3213 1794 3266 Lae‘rt.
1823 3232 2040 3283 prooem.
2064 3233 2104 3266 s.
2132 3232 2191 3267 ιο
2209 3252 2224 3280 ,
2253 3213 2403 3289 ἀρχὴν
2420 3215 2538 3267 εἶναι
2559 3220 2641 3273 τὴν

1626 3299 1734 3354 ὕλην
1751 3331 1766 3358 ,
1795 3299 1894 3346 εἶτα
1916 3295 1978 3347 τὰ
1999 3296 2198 3367 πίσσαρα
2218 3302 2402 3359 cuxei«
2431 3294 2479 3360 ἔξ
2505 3294 2643 3350 αὖτῖς

1629 3380 1927 3451 &capessunt
1942 3411 1958 3440 ,
1987 3379 2067 3426 καὶ
2089 3374 2188 3435 §cini
2211 3395 2316 3425 τινα
2341 3372 2645 3432 ἀποτελεσθῇ·

1625 3478 1701 3507 ναι
1728 3472 1742 3506 :
1771 3471 1932 3521 quam
1958 3452 2279 3506 sententiam
2306 3451 2457 3507 latius
2481 3449 2646 3521 expli-

1628 3542 1711 3584 cat
1734 3529 1956 3583 Diodor.
1980 3528 2082 3584 Sic.
2111 3530 2267 3584 Tom.
2291 3530 2350 3597 1,
2376 3550 2425 3599 p.
2450 3544 2524 3596 ιι,
2557 3528 2649 3581 ubi

1629 3608 1797 3662 multa
1813 3618 1868 3661 et
1885 3607 1966 3661 bis
1986 3607 2177 3662 nostris
2192 3648 2209 3677 ,
2234 3619 2288 3662 et
2303 3607 2364 3661 iis
2382 3646 2399 3674 ,
2424 3626 2540 3677 que
2563 3606 2652 3659 in-

1629 3688 1736 3751 sra,
1751 3706 1883 3740 vers.
1900 3687 1998 3752 416
2012 3706 2124 3756 sqq.
2136 3728 2150 3749 ,
2169 3684 2472 3754 traduntur,
2490 3702 2650 3754 quam

1631 3764 1926 3831 simillima,
1951 3764 2052 3819 nisi
2078 3762 2220 3834 quod
2243 3763 2316 3817 ibi
2339 3762 2518 3816 omnia
2539 3762 2652 3816 sine

1633 3846 1939 3899 interventu
1965 3853 2020 3897 et
2043 3861 2202 3913 opera
2228 3841 2364 3909 Dei,
2403 3841 2522 3896 solis
2555 3860 2657 3896 na-

1634 3934 1768 3978 turae
1776 3924 1823 3977 le
1829 3925 1976 3995 gibus
1989 3922 2353 3993 perficiuntur.
2362 3923 2560 3976 Noster
2571 3939 2660 3974 au-

526 4009 651 4052 sunt
668 4017 721 4051 :a
738 4016 839 4068 qua
850 3996 1045 4050 virtute
1061 3994 1546 4063 laudeminsignem
1637 4009 1749 4053 tem
1773 4002 1942 4053 multo
1962 4000 2140 4054 sanior
2164 4019 2286 4053 cum
2308 3998 2662 4069 pra-,tantini-

530 4076 754 4131 Ovidius
787 4075 996 4130 meruit.
1038 4073 1208 4128 Simili
1242 4074 1351 4127 fere
1382 4071 1546 4125 modo

1637 4078 1737 4131 mis
1753 4078 1969 4133 Groeciae
1986 4077 2303 4147 philosophis
2320 4076 2566 4146 opificem
2585 4095 2662 4137 sa-

529 4156 719 4212 Horat.
746 4158 800 4225 I,
824 4155 933 4212 Od.
954 4172 1036 4211 vlt
1058 4195 1074 4224 ,
1098 4154 1164 4224 63
1183 4152 1416 4210 Athenas
1441 4173 1548 4207 car·
1640 4154 1876 4223 pientem
1892 4153 2122 4221 adhibet,
2137 4152 2661 4223 cujusviacnumine
