2975 4784
526 345 651 410 322

1080 341 1159 404 P.
1222 336 1584 405 OVIDII
1634 334 2078 403 NASOMS

522 479 797 555 Fumida
826 477 1217 579 jamdudum
1249 477 1513 552 latitant
1542 505 1662 578 per
1695 493 1866 552 tecta
1898 506 2198 566 sorores3

523 597 943 696 Diversaeque
981 592 1149 669 locis
1184 593 1411 689 ignea,
1445 621 1519 667 ac
1555 592 1807 669 lumina
1839 593 2094 669 vitant:

516 713 825 812 Dumque
856 727 1095 811 petunt
1131 709 1449 795 latebras,
1479 737 1722 809 parvos
1754 711 2137 785 membrana
2164 739 2286 812 per
2317 730 2501 788 artus

517 825 890 922 Porrigitur
912 880 931 910 ,
972 823 1283 923 tenuique
1316 822 1575 897 inducit
1605 825 1878 899 brachia
1909 855 2164 926 penna:

511 947 650 1018 Nec
669 1000 688 1032 ,
730 970 859 1044 qua
890 940 1301 1041 perdiderint
1329 957 1613 1014 veterem
1643 941 1901 1015 ratione
1929 941 2204 1037 figuram
2226 999 2245 1029 ‚

513 1062 695 1136 Scire
732 1061 964 1133 sinunt
998 1055 1283 1131 tenebrae
1315 1085 1331 1129 :
1361 1084 1503 1129 non
1534 1054 1683 1129 illas
1715 1055 1944 1157 pluma
1973 1054 2251 1144 levavit3

396 1215 401 1220 ·
515 1177 902 1250 Sustinuere
938 1191 1155 1247 tamen
1183 1200 1253 1246 se
1285 1170 1782 1273 perlucentibus
1816 1171 1937 1246 alis
1964 1201 1982 1259 3

515 1294 914 1393 Conataeque
947 1288 1167 1390 loqui,
1207 1289 1546 1362 minimam
1580 1316 1705 1388 pro
1738 1316 2017 1388 corpore
2051 1317 2279 1361 vocem

511 1411 881 1495 Emittam,
919 1422 1376 1507 peraguntque
1411 1402 1538 1476 levi
1576 1404 1859 1477 stridore
1897 1402 2233 1504 querelas3

508 1533 843 1631 Tectaque
865 1584 883 1616 ‚
913 1556 1056 1601 non
1084 1526 1279 1601 silvas
1299 1583 1317 1613 ‚
1354 1524 1690 1601 celebrant
1714 1553 1730 1613 ;
1765 1523 2110 1626 lucemque
2138 1552 2393 1626 perosae

511 1654 726 1725 Nocte
760 1650 1029 1738 volant3
1064 1676 1346 1750 seroque
1383 1647 1661 1721 trahunt
1692 1675 1732 1720 a
1761 1674 2028 1748 vespere
2064 1675 2323 1720 nomen.

2537 1670 2632 1738 415

606 1776 694 1847 ΙΙ.
726 1775 901 1847 Tum
936 1801 1091 1845 vero
1128 1767 1290 1845 totis
1322 1771 1569 1845 Bacchi
1604 1769 2028 1844 memorabile
2057 1769 2311 1843 Thebis

567 1993 681 2059 405.
719 1992 823 2044 Per
848 1996 983 2042 tecla
1003 2028 1017 2050 ,
1054 1988 1113 2040 in
1149 1986 1302 2039 variis
1324 1985 1520 2039 aedium

504 2069 749 2141 partibus.
780 2094 848 2108 —
866 2068 1174 2120 Iamdudum
1192 2103 1207 2131 ,
1245 2064 1520 2118 continuo.

504 2149 582 2202 XI
600 2187 616 2213 ,
644 2146 1114 2213 482.-Inducere‚·
1139 2142 1210 2196 sic
1228 2141 1363 2212 apud
1382 2143 1519 2202 Hor.

503 2226 568 2280 A.
600 2226 663 2278 Ρ.
694 2244 722 2276 a
746 2263 762 2289 ‚
785 2225 1015 2276 tbducem
1039 2224 1244 2289 plumas
1275 2223 1519 2274 menbntr.

508 2301 782 2371 Quoniam
802 2297 1233 2369 vespertilionum
1248 2299 1419 2352 forma
1441 2297 1520 2349 ni-

503 2378 577 2432 hil
603 2378 780 2447 gratiae
803 2375 960 2432 habet
975 2414 993 2440 ‚
1020 2384 1298 2445 propterea
1319 2374 1520 2430 Auctor

503 2475 623 2510 eam
655 2456 828 2527 paucis
853 2455 1061 2525 attingit
1082 2493 1098 2522 ,
1137 2466 1192 2512 et
1216 2455 1360 2524 quasi
1382 2453 1520 2509 velat

500 2555 649 2599 rem,
676 2538 783 2590 Nec
798 2575 813 2597 ‚
840 2554 938 2603 qua
950 2537 1261 2602 perdt'den'nl
1278 2544 1373 2589 etc.

565 2616 678 2680 ⁴¹1·
699 2614 951 2666 Suste'neoe
964 2630 1024 2664 se
1037 2611 1105 2665 de
1133 2613 1310 2667 avibus
1331 2612 1517 2666 volan-

501 2692 637 2747 tibus
661 2691 825 2745 etiam
847 2690 986 2745 VIII
1006 2730 1022 2757 ‚
1053 2693 1181 2757 1483
1208 2691 1292 2757 X,
1322 2692 1521 2758 341.—

508 2774 719 2838 Querela
755 2769 977 2823 omnino
1006 2768 1072 2821 de
1107 2787 1234 2824 voce
1268 2780 1323 2823 et
1359 2779 1518 2823 cantu

502 2850 693 2904 avium.
724 2847 950 2904 Horatio
968 2886 985 2914 ,
1017 2853 1281 2915 queruntur
1299 2852 1353 2901 ia
1375 2850 1521 2900 silvis

500 2929 867 2988 anea—Levis,
884 2925 977 2995 qui
990 2942 1099 2977 non
1114 2923 1344 2978 multum
1356 2942 1520 2984 exau-

500 3006 659 3060 ditur.
682 3004 773 3060 Sic
792 3007 967 3057 leviter
983 3004 1161 3058 diem.
1186 3000 1382 3055 Buu.

565 3083 816 3150 416-561.
842 3081 1098 3136 Athamas
1121 3086 1175 3132 el
1202 3081 1312 3132 Ino.
1337 3078 1519 3134 Atha-

501 3178 614 3212 mas
628 3160 845 3229 eiusque
860 3177 990 3213 uxor
1000 3159 1100 3214 Ino
1113 3157 1342 3211 Junonis
1356 3175 1516 3227 opera

500 3236 701 3291 insania
724 3238 1081 3308 com-ipiuntur
1106 3256 1119 3294 z
1146 3255 1253 3307 quo
1273 3237 1410 3290 sacto
1428 3235 1514 3290 ille

500 3313 799 3369 Learchum
822 3316 1043 3371 filiolum
1084 3314 1365 3379 interficit,
1404 3313 1517 3372 hec

500 3411 621 3447 cum
639 3392 940 3459 Melicerta,
964 3393 1073 3446 filio
1086 3393 1249 3450 altero
1265 3429 1280 3457 ,
1298 3391 1353 3444 in
1368 3409 1514 3445 mare

498 3495 551 3528 se
580 3473 899 3544 praecipitat3
937 3471 1027 3526 sed
1053 3509 1068 3537 ,
1100 3471 1309 3528 Venere
1336 3471 1515 3526 inter-

498 3550 720 3605 cedente
740 3589 756 3615 ‚
782 3549 1065 3617 Neptunus
1090 3565 1180 3602 eos
1201 3550 1256 3602 in
1283 3549 1517 3604 marinos

500 3628 645 3684 Deo·
664 3639 865 3693 mutat,
901 3624 1238 3682 Leucotheen
1265 3639 1317 3682 et
1344 3628 1514 3686 Palo-

500 3724 677 3761 mona.
700 3706 937 3760 Comites
952 3704 1067 3772 eius
1082 3705 1273 3772 partim
1290 3705 1347 3758 in
1367 3725 1484 3760 saxa
1496 3747 1510 3768 ,

499 3781 692 3850 partim
734 3782 789 3834 in
824 3801 942 3836 aves
982 3791 1271 3834 transeunt.
1315 3783 1523 3851 Auctor¹

498 3857 599 3911 fab.
629 3857 986 3931 Pherecydes,
1013 3875 1313 3925 quanquam
1348 3859 1514 3914 Hom.

499 3935 611 4004 iam
622 3932 730 3986 od.
744 3934 809 4000 E,
825 3936 921 3987 333
930 3953 1042 4003 sqq.
1053 3950 1168 3986 eam
1185 3934 1516 4002 attigit-Tum

500 4010 707 4083 Tragici
750 4011 993 4063 eamdem
1032 4010 1271 4063 certatim
1314 4020 1514 4066 tracta-

501 4103 659 4159 runt,
679 4088 952 4162 AEschylus
970 4089 1025 4142 in
1038 4085 1250 4143 Semele
1267 4128 1283 4155 ,
1304 4088 1514 4158 Sopho—

1614 1986 1717 2040 cles
1744 1986 1799 2040 in
1825 1987 1926 2040 Ino
1949 1995 2002 2038 et
2026 1986 2081 2039 in
2110 1985 2323 2040 Atham.
2350 1986 2624 2056 Euripides

1612 2064 1671 2118 in
1697 2065 1798 2118 lno
1813 2104 1829 2130 ‚
1853 2066 2002 2134 cujus
2024 2065 2318 2135 fragmenta
2338 2078 2546 2120 restant.
2577 2069 2625 2120 E

1613 2141 1857 2213 mythicis
1896 2160 2016 2195 eam
2055 2143 2386 2211 repetierunt
2427 2144 2629 2216 Hygia.

1614 2219 1749 2273 sabb.
1784 2240 1839 2283 ι,
1884 2241 1947 2287 2,
1972 2222 2036 2286 ⁴;
2071 2219 2314 2289 Apollod.
2349 2222 2411 2288 I,
2441 2239 2532 2286 lx,
2562 2244 2627 2286 ²3

1616 2296 1737 2364 111,
1765 2312 1824 2350 tv
1842 2336 1858 2362 ,
1882 2296 1928 2350 3.
1947 2296 2196 2351 Hisadde
2219 2299 2449 2354 Pausan.
2473 2300 2626 2356 Attic-

1614 2392 1667 2443 p.
1696 2376 1821 2441 108,
1855 2374 1946 2443 qui
1985 2373 2308 2429 Athamanta
2346 2386 2526 2430 narrat
2547 2378 2630 2430 vel

1614 2452 1693 2506 ira
1712 2452 1988 2508 incensum
2005 2492 2021 2518 ,
2040 2452 2123 2506 vel
2136 2453 2314 2507 surore
2327 2464 2632 2524 correptum

1614 2531 1669 2585 in
1682 2531 2334 2586 summissememorant
2344 2552 2464 2586 eam
2474 2533 2631 2587 etiam

1615 2610 1915 2665 Scholiastae
1941 2611 2160 2665 Pindari
2193 2613 2418 2683 Argum.
2449 2614 2629 2668 hthm.

1616 2689 1901 2759 Apollonii,
1917 2691 2022 2756 111,
2047 2690 2201 2763 ¹²39ss
2227 2690 2272 2743 L
2309 2691 2492 2762 cophr.
2517 2713 2632 2765 ²²9-

1615 2767 1722 2822 Sed
1741 2768 1793 2820 in
1814 2767 2117 2837 multiscius
2136 2769 2271 2838 parti
2309 2788 2372 2824 m
2394 2781 2633 2824 auctores

1615 2846 1831 2900 variant.
1876 2847 2071 2901 Noster
2109 2846 2167 2900 in
2211 2846 2314 2901 hoe
2357 2849 2632 2903 tractando

1615 2922 1800 2996 mytho
1814 2923 2090 2992 ingenium
2105 2934 2159 2980 et
2173 2926 2630 2980 inventionemsa·

1614 3000 1679 3053 tis
1697 3000 1850 3053 nobis
1873 3002 2192 3071 approbavit.
2208 3002 2388 3058 Finxit
2397 3003 2631 3058 sunonis

1614 3076 1943 3146 soliloquium
1957 3119 1973 3148 ‚
1989 3082 2241 3148 420—431.
2254 3081 2402 3136 Tum
2419 3081 2632 3137 descen·

1612 3175 1728 3209 sum
1749 3156 1864 3225 eius
1885 3156 1948 3210 ad
1969 3158 2164 3213 inferos
2176 3161 2414 3228 etin-ssa,
2442 3162 2628 3231 quibus

1614 3233 1938 3304 Tisiphonen
1953 3235 2077 3289 inde
2089 3237 2293 3304 excitat,
2308 3251 2493 3293 rim-at
2505 3241 2628 3306 432-

1612 3315 1721 3382 477.
1759 3315 1903 3369 Hinc
1923 3316 2159 3384 sequitur
2180 3316 2284 3369 iter
2305 3318 2483 3372 Furia
2504 3339 2628 3373 cum

1611 3388 1881 3445 horrendo
1920 3393 2172 3447 comitatu
2203 3403 2260 3447 et
2290 3414 2538 3463 veneno,
2578 3408 2630 3450 et

1612 3469 1831 3537 modus,
1877 3488 1981 3540 quo
2016 3472 2196 3524 surore
2235 3472 2421 3542 implet
2451 3474 2628 3528 Atha—

1612 3556 1791 3600 manta
1808 3558 1861 3602 et
1877 3548 2157 3618 coniugem
2175 3588 2191 3614 ,
2219 3551 2380 3616 478⁴
2389 3570 2466 3603 ιο.
2481 3551 2630 3605 Tan-

1613 3625 1737 3680 dem
1774 3627 1944 3681 sabula
1974 3627 2081 3697 ipsa
2131 3640 2185 3683 et
2219 3631 2627 3685 transformatio.

1614 3706 1873 3760 Eamdem
1903 3707 2124 3773 Noster,
2149 3717 2203 3761 et
2224 3708 2363 3762 Fast.
2392 3708 2508 3775 Vl,
2539 3710 2631 3775 485

1612 3803 1752 3854 ηιμ
1777 3783 1869 3836 sed
1894 3803 1956 3839 ex
1988 3795 2135 3853 parte
2160 3783 2311 3840 aliter
2343 3785 2542 3840 retulit-
2564 3813 2631 3825 -·

1612 3863 1962 3923 Memorabile,
1993 3860 2214 3915 celebre.
2247 3859 2626 3916 celebrabatur

1612 3938 1846 3994 Bacchus
1894 3938 2223 3994 sermonibus
2263 3940 2525 3993 omnium.
2563 3966 2630 3977 ·-

1611 4018 1756 4071 Novi.
1792 4016 1928 4071 Vide
1952 4016 2017 4070 ad
2043 4017 2130 4073 III
2147 4058 2164 4085 ,
2205 4020 2318 4072 520.
2343 4046 2411 4058 —
2431 4019 2622 4071 nata*—

1610 4099 1746 4158 tem,
1773 4095 1875 4148 Ino
1891 4132 1908 4160 ,
1933 4094 2168 4152 Semeles
2184 4115 2335 4151 soror
2357 4108 2410 4150 et
2427 4096 2624 4162 conjux
