2975 4784
564 372 689 457 ¹24

1094 371 1173 442 Ρ.
1239 363 1600 443 OVIDII
1641 369 2113 446 ‘NASONIS

554 515 735 586 Voce
769 539 936 587 nova
966 528 1199 613 captus
1233 530 1459 588 custos
1490 516 1868 602 Junonius;
1908 549 1942 582 «
1983 517 2078 590 At
2113 533 2184 589 tu
2211 533 2238 603 ,“

558 663 596 694 »
633 628 962 729 Quisquis
993 657 1098 716 es,
1133 629 1264 703 hoc
1296 648 1564 730 poteras
1599 657 1856 706 mecum
1888 630 2230 706 considere
2265 657 2422 705 saxo
2444 652 2469 719 ,·

559 781 597 813 »
633 748 856 842 Argus
888 747 1023 821 ait:
1054 775 1267 848 neque
1302 748 1477 821 enim
1515 748 1742 849 pecori
1770 746 2119 822 secundior
2149 745 2290 821 ullo

2578 769 2681 824 680

560 897 598 929 »
635 864 862 938 Herba
896 863 1044 937 loco
1074 881 1214 951 est3
1251 880 1601 965 aptamque
1634 863 1818 938 vides
1848 864 2229 965 pastoribus
2260 864 2587 938 umbram.
2637 897 2673 930 »

557 978 748 1056 Sedit
772 978 1220 1067 Atlantiades,
1254 997 1321 1053 et
1352 996 1620 1055 euntem
1653 978 1864 1054 multa
1894 979 2233 1082 loquendo

555 1173 833 1229 commode
848 1175 1079 1230 intexere
1092 1186 1279 1246 posset.
1298 1201 1367 1216 -
1382 1177 1569 1229 Strac-

556 1258 626 1306 tis
636 1260 816 1307 cantat
830 1258 1015 1308 avesate.
1038 1253 1233 1309 Fistula
1248 1292 1264 1320 ,
1287 1273 1349 1307 ex
1365 1262 1568 1325 septem

556 1326 845 1402 disparibus
890 1332 1065 1386 avenis
1104 1333 1162 1387 in
1199 1333 1293 1388 ala!
1339 1335 1568 1387 formam

555 1410 904 1465 crescentibus
922 1421 1190 1481 compacta
1210 1428 1225 1463 ι
1244 1411 1317 1465 sic
1336 1412 1531 1466 Noster
1549 1449 1566 1478 ,

554 1487 642 1541 lib.
669 1489 753 1552 11,
785 1508 915 1542 vers.
941 1508 1029 1560 ¹9¹
1056 1528 1071 1555 ,
1090 1490 1156 1544 de
1170 1489 1260 1543 alis
1280 1489 1569 1545 Dedaleis:

557 1568 645 1622 Sic
669 1571 860 1621 runica
884 1572 1132 1635 quondan
1156 1573 1356 1623 Fistula
1382 1572 1570 1635 dispa-

554 1649 693 1698 ribus
702 1648 956 1713 palatin
977 1651 1141 1715 surp‘!
1156 1653 1344 1701 anemtr.
1370 1647 1470 1701 Ed.

621 1726 733 1796 678.
766 1727 898 1779 Voce
917 1745 1075 1790 nora,
1107 1746 1240 1781 sono
1267 1748 1435 1789 nom,
1477 1748 1571 1782 re-

556 1821 680 1856 cens
695 1802 923 1857 invente
939 1802 1138 1858 fistula.
1159 1832 1228 1846 —-
1241 1807 1321 1858 At
1337 1815 1405 1861 ln.
1434 1806 1571 1863 cod.

558 1879 692 1950 Reg.
723 1880 788 1933 A.
808 1920 824 1945 ,
854 1888 998 1935 arte&-
1028 1880 1164 1935 cod.
1204 1883 1265 1936 B.
1292 1923 1309 1951 ,
1351 1887 1574 1939 Iunonis

554 1965 738 2012 erade.
754 1959 1043 2030 Singularis
1055 1960 1234 2026 lectio,
1262 1981 1379 2032 qun
1395 1965 1573 2018 forsan

557 2056 680 2092 vera
699 2048 794 2091 est.
818 2039 917 2091 Ed.

622 2115 735 2188 679.
768 2117 1005 2186 Quisquis
1025 2136 1094 2171 es.
1117 2117 1203 2172 De
1227 2119 1451 2173 formula
1474 2138 1574 2174 so-

557 2192 721 2247 lemni
743 2233 758 2260 ,
779 2198 1007 2263 ymnis
1020 2215 1077 2249 es
1093 2236 1106 2255 ‚
1145 2215 1247 2266 qua
1269 2198 1577 2269 peregrinos

557 2283 614 2327 et
635 2273 842 2343 ignotos
857 2275 1196 2346 alloquuntur
1219 2278 1422 2343 Latini,
1455 2280 1576 2335 vide

559 2354 744 2407 Burm.
757 2357 1057 2416 —Potems.
1077 2367 1135 2411 ut
1149 2358 1285 2428 apud
1304 2359 1449 2430 Virg.
1466 2360 1577 2414 Ed.

560 2432 587 2487 I
600 2470 616 2497 ,
632 2434 697 2486 80
711 2452 724 2485 τ
743 2433 849 2485 mc
856 2439 1022 2486 tanen
1034 2437 1167 2488 hanc
1177 2444 1579 2505 necanpolcm

557 2515 858 2579 requiescere
881 2519 1074 2566 noctem
1089 2554 1102 2575 ,
1137 2514 1227 2568 ubi
1250 2514 1463 2584 qnidam
1477 2556 1494 2582 ,
1515 2526 1578 2570 ut

558 2587 613 2642 h.
636 2588 668 2642 l.
696 2588 870 2659 Vulgo
888 2629 903 2656 ,
931 2594 1135 2657 poteris.
1168 2590 1274 2645 Sed
1306 2592 1433 2646 illud
1462 2594 1575 2647 ele-

560 2669 766 2738 gantius
785 2708 801 2735 ,
827 2677 982 2737 atque
1005 2668 1077 2722 ita
1099 2679 1152 2722 et
1174 2669 1284 2722 Vll
1303 2709 1318 2735 ‚
1346 2673 1407 2740 47
1427 2709 1442 2736 ‚
1469 2671 1537 2724 63
1559 2693 1575 2736 ς

562 2746 733 2813 vm,
759 2749 840 2817 47.
878 2745 1066 2800 Solent
1090 2756 1266 2799 autem
1290 2747 1344 2800 in
1374 2747 1580 2802 bucoli-

561 2824 633 2879 cis
655 2836 886 2896 pastores
907 2822 1167 2878 cantaturi
1188 2843 1243 2877 se
1266 2823 1487 2877 invitare
1510 2825 1574 2878 ad

561 2903 938 2961 considendum.
957 2901 1011 2955 in
1030 2919 1137 2970 quo
1148 2911 1445 2970 sequuntur
1463 2901 1576 2956 looe

560 2976 781 3031 herbosa
804 2988 860 3031 et
884 2979 1143 3033 umbram.

622 3055 737 3109 680.
762 3059 1049 3111 Fecnudtbr.
1080 3057 1303 3130 Proprie
1318 3059 1575 3126 secandas

558 3133 704 3188 locus
720 3134 894 3191 herbis
910 3159 925 3200 ς
948 3137 1039 3193 sed
1061 3138 1114 3193 h.
1130 3138 1164 3192 l.
1180 3139 1289 3210 ipsa
1307 3138 1471 3194 herba
1478 3141 1548 3210 ft
1562 3171 1576 3182 ·

557 3212 752 3274 canda,
796 3214 1042 3284 frequens
1078 3226 1132 3270 et
1166 3217 1321 3271 bona.

624 3287 739 3344 681.
762 3292 966 3360 Aptans.
984 3295 1132 3348 Bene
1150 3314 1204 3350 se
1221 3295 1394 3349 babet.
1410 3295 1576 3365 Epist.

561 3367 699 3422 XIII
711 3408 727 3433 ,
755 3387 774 3420 ι
787 3389 807 3422 ι
825 3387 839 3421 t
869 3373 1056 3425 Ventus
1074 3381 1188 3426 em!
1204 3378 1377 3427 nautis
1394 3378 1545 3439 aptus
1558 3413 1574 3436 ‚

559 3463 662 3497 που
683 3451 832 3511 aptus
852 3453 1060 3524 amn}
1087 3448 1251 3518 Quod
1270 3450 1377 3503 duo
1403 3448 1575 3503 codd.

560 3523 777 3589 habent,
787 3533 1003 3592 palan,
1017 3537 1071 3579 et
1084 3546 1113 3580 a
1126 3529 1310 3582 Burm.
1330 3530 1578 3599 exemplis

560 3600 908 3656 confirmatur
925 3642 941 3668 ‚
980 3601 1126 3658 fluxit
1155 3624 1217 3659 ex
1256 3605 1472 3677 interpr.
1512 3633 1579 3646 —

567 3677 875 3746 Gmlmqae
887 3679 1037 3733 Junii
1063 3679 1198 3734 cod.
1223 3692 1279 3736 et
1304 3701 1442 3736 unus
1466 3683 1580 3736 Bo-

562 3754 828 3809 noniensis
850 3796 866 3822 ‚
914 3771 1011 3827 pro
1057 3759 1197 3812 varia
1236 3758 1474 3814 lectione.
1513 3788 1579 3803 —

566 3831 743 3886 Nostri
764 3852 892 3886 vero
915 3834 1111 3888 habent
1131 3843 1319 3902 aptam.

624 3909 878 3964 682-683.
900 3912 1244 3973 Atlantiades,
1262 3930 1359 3981 pro
1375 3913 1579 3967 Allan-

560 3989 715 4050 !ides,
737 3997 798 4041 ut
818 3998 970 4042 notat
991 3987 1241 4041 Priscian.
1262 4017 1331 4029 —
1352 3992 1427 4043 Et
1453 4010 1580 4044 ena-

561 4073 754 4120 tem......
777 4067 921 4120 item.
950 4065 1118 4119 Locus
1140 4065 1225 4120 bic
1247 4067 1394 4121 valde
1424 4069 1576 4123 torsit

563 4143 774 4213 ingenia
789 4143 852 4199 ln
860 4154 916 4199 tt.
935 4142 1209 4214 Quoniam
1224 4145 1440 4200 amenis
1450 4164 1580 4200 con·

1660 1173 2065 1228 fabulationibus
2110 1183 2317 1245 tempus
2349 1173 2546 1229 sanitm·
2562 1215 2580 1243 ,
2627 1186 2682 1231 et

1661 1250 1870 1305 brevius
1901 1251 2044 1320 quasi
2084 1251 2324 1305 redditur
2360 1251 2492 1305 dum
2529 1253 2683 1309 nobis

1661 1329 1746 1383 vix
1759 1329 2104 1385 sentientibus
2117 1332 2516 1402 protei-labium
2530 1352 2684 1404 prop·

1664 1415 1806 1460 terea
1851 1417 2009 1478 negat
2050 1407 2306 1463 Burman.
2343 1427 2535 1463 sanum
2572 1428 2684 1465 esse

1664 1482 1716 1535 b.
1750 1482 1782 1536 l.
1819 1484 1935 1555 lpse
1985 1504 2110 1556 ergo
2145 1485 2309 1539 ductu
2347 1487 2505 1540 unius
2543 1485 2685 1541 Cod.

1662 1562 1721 1616 in
1740 1582 1847 1633 quo
1865 1566 2056 1618 denuit
2069 1575 2338 1619 exat-amm
2360 1575 2522 1620 entat
2537 1606 2555 1633 ,
2589 1567 2681 1620 le-

1666 1643 1740 1711 git
1755 1681 1771 1710 ‚
1795 1645 2031 1697 dt’nn‘ttm't
2039 1661 2136 1714 pro
2151 1645 2376 1697 detraxit.
2391 1647 2684 1700 Det-eham

1670 1731 1846 1775 autem
1872 1730 2081 1790 tempus
2114 1720 2296 1775 dixisse
2320 1721 2479 1775 etiam
2509 1720 2683 1776 Cicer.

1668 1798 1821 1853 Orat.
1837 1798 1920 1852 111
1937 1837 1953 1864 ,
1970 1800 2062 1870 49,
2080 1808 2135 1852 et
2145 1797 2395 1852 bocidem
2412 1818 2522 1854 esse
2539 1798 2686 1869 quod

1652 1878 1894 1947 frangere
1913 1880 2043 1931 dt‘en
2059 1918 2073 1940 ‚
2108 1889 2164 1932 et
2176 1886 2373 1947 partem
2394 1883 2559 1933 solido
2579 1883 2683 1936 le-

1667 1974 1796 2007 nem
1825 1957 1890 2008 de
1922 1957 2031 2018 die,
2073 1956 2213 2027 apud
2250 1957 2436 2011 Horat.
2471 1957 2532 2011 Si
2566 1959 2682 2028 quis

1666 2043 1847 2087 tamen
1887 2032 2024 2087 tueri
2063 2034 2210 2088 malit
2245 2035 2386 2088 verb.
2425 2037 2673 2098 delituit,

1668 2130 1823 2165 versu
1831 2122 1951 2181 ‘seq.
1971 2113 2104 2165 deba
2120 2113 2340 2182 possein
2356 2115 2531 2167 dacem
2544 2156 2557 2178 ,
2583 2114 2618 2167 i.
2637 2133 2682 2167 e.

1671 2187 1908 2260 Argum,
1945 2189 2036 2260 qni
2066 2188 2287 2244 ducebat
2320 2191 2411 2258 10,
2449 2193 2682 2258 mutari,

1670 2274 1800 2320 tunc
1838 2272 2029 2321 enatem
2078 2286 2188 2322 esse
2206 2306 2222 2334 ‚
2271 2268 2349 2320 ire
2389 2268 2682 2322 veientem.

1672 2343 1873 2398 Neutra
1909 2344 2210 2399 emendatio
2244 2345 2395 2400 nobis
2427 2346 2688 2401 satisfacit.

1672 2421 1796 2475 Non
1824 2423 1990 2493 probo
2012 2430 2208 2477 euntem
2230 2426 2405 2478 ducens
2428 2443 2447 2477 .·
2484 2443 2611 2478 nam
2646 2425 2687 2478 is

1669 2499 1778 2571 ipse
1801 2511 2072 2572 rogaverat
2095 2501 2451 2569 Mercurium,
2474 2512 2536 2555 ut
2565 2504 2691 2557 vel-

1671 2579 1745 2633 let
1755 2579 1850 2633 sibi
1867 2590 2075 2650 tempus
2084 2579 2263 2635 fallere
2285 2579 2691 2635 confabulando.

1675 2657 1791 2713 Cur
1807 2659 1964 2731 igitur
1981 2677 2126 2713 nunc
2141 2659 2282 2713 abire
2297 2670 2546 2730 properat
2560 2699 2575 2726 ,
2599 2655 2691 2712 ubi

1671 2734 1756 2788 ille
1779 2736 1862 2789 vix
1886 2736 2095 2789 initium
2120 2736 2244 2790 fecit
2270 2735 2645 2790 confabulandi
2666 2737 2692 2789 ἲ

1673 2815 1746 2870 Et
1780 2820 1888 2868 dus·
1917 2816 1983 2870 de
2020 2814 2236 2871 custode
2271 2815 2416 2869 bovis
2453 2815 2692 2870 insolens

1672 2893 1802 2947 mibi
1818 2893 2053 2958 videtum
2081 2893 2248 2948 visum
2265 2904 2344 2947 est
2365 2893 2525 2948 etiam
2541 2895 2690 2968 Hey·

1671 2972 1784 3040 nio,
1798 2972 2018 3028 Observ.
2034 2972 2098 3026 ad
2116 2972 2291 3027 Tibul.
2307 2974 2362 3041 1,
2386 2990 2421 3025 x
2435 3013 2451 3039 ‚
2476 2992 2552 3026 10.
2570 2974 2688 3029 Nec

1670 3050 1838 3122 placet
1868 3052 2008 3106 verb.
2040 3054 2276 3105 diminui!
2301 3060 2516 3121 propter
2545 3071 2685 3105 enn-

1671 3136 1795 3191 Ιεαι,
1837 3129 1871 3182 i.
1904 3149 1950 3185 e.
1982 3143 2288 3202 vergentem
2319 3130 2383 3184 ad
2419 3150 2682 3186 occasum.

1673 3208 1833 3279 Apud
1855 3208 2193 3280 Cic.·quidem
2210 3212 2479 3264 dthiunere
2490 3218 2686 3278 tenpus

1673 3285 1829 3355 paulo
1850 3286 2001 3340 aliter
2025 3286 2244 3352 dicitur;
2273 3286 2548 3357 multoque
2569 3288 2687 3341 mi-

1672 3382 1774 3417 nus
1797 3364 1930 3418 trahi
1962 3364 2065 3418 huc
2093 3375 2308 3434 possunt
2337 3364 2550 3435 phrases
2584 3365 2687 3420 ine

1677 3441 1994 3495 Horatianae.
2019 3440 2288 3495 Gebhard.
2317 3440 2477 3514 Crep.
2502 3445 2529 3497 1
2552 3483 2570 3510 ,
2597 3460 2688 3510 tx,

1674 3519 1888 3589 explicat
1910 3559 1926 3587 ,
1979 3521 2265 3574 consumsit
2300 3523 2692 3577 confabulando

1674 3608 1730 3652 et
1764 3601 2014 3668 transegit
2039 3598 2184 3653 diem
2214 3601 2325 3669 jam
2354 3600 2418 3653 ad
2446 3619 2693 3656 occasum

1672 3687 1995 3747 vergentem.
2032 3677 2103 3731 Et
2132 3678 2343 3732 videtur
2371 3681 2592 3733 delium
2623 3681 2696 3734 ita

1674 3754 1967 3825 diciposse,
1992 3756 2409 3822 IVexPontx‚
2435 3755 2698 3829 67:000·-

1674 3838 1961 3904 naileupns
1974 3876 1988 3898 ,
2015 3835 2458 3905 carasquefestlle’‚
2479 3834 2570 3888 ubi
2585 3835 2698 3889 vid.

1677 3914 1861 3968 Heius.
1885 3915 1973 3970 Sic
1995 3914 2133 3984 cepit
2159 3915 2319 3968 etiam
2351 3913 2486 3968 Rod.
2513 3919 2697 3981 :plan-

1674 3994 1787 4045 der!
1810 3997 1917 4047 viel
1934 3996 2045 4047 aad
2059 3997 2308 4062 verbn'aegi
2319 3996 2416 4046 den
2413 3996 2700 4062 βάθρα

1684 4073 1896 4137 Tagai!
1905 4070 2497 4137 Gespraecheaemolesta
2511 4079 2694 4124 tamen

1672 4145 2026 4200 redundantia
2056 4157 2140 4200 est
2168 4148 2224 4200 in
2254 4151 2415 4200 mlta
2444 4150 2694 4215 loquendo
