2975 4784
804 395 1837 470 METAMORPHOSEON
1895 395 2087 464 LIB.
2144 395 2331 462 VII.

2499 393 2619 476 541

515 542 802 615 Dextera
835 536 1028 612 caedis
1063 551 1248 621 erat;
1285 532 1663 634 repetebam
1684 531 1897 626 frigus
1929 546 1994 603 et
2028 532 2297 606 umbras
2321 587 2341 619 ‚

513 658 641 745 Et,
681 681 826 756 quae
862 651 940 726 de
977 648 1211 747 gelidis
1238 647 1510 725 balabat
1536 645 1852 733 vallibuS‚
1885 668 2128 720 auram.

2540 670 2636 721 81η

513 775 701 846 Aura
725 768 1082 871 'petebatur
1113 764 1333 839 medio
1363 763 1529 838 mibi
1562 762 1730 838 lenis
1765 762 1834 836 in
1865 779 2029 837 aestu
2059 791 2076 850 ;

515 891 764 962 Auram
797 883 1254 986 exspectabam
1285 911 1301 955 ε
1331 879 1596 981 requies
1631 896 1769 954 erat
1800 876 1915 951 illa
1944 875 2179 952 labori.

524 1036 560 1067 «
597 1004 780 1076 Aura
799 1055 818 1088 ‚
852 997 1164 1073 recordor
1192 986 1401 1083 enim,
1430 995 1690 1083 venias,
1727 1010 1989 1069 cantare
2020 991 2315 1067 solebam
2344 1021 2361 1066 z

525 1154 562 1186 »
600 1121 845 1219 Meque
876 1117 1062 1216 juves
1084 1170 1103 1202 ‚
1136 1113 1474 1213 intresque
1507 1112 1733 1197 sinus,
1773 1108 2178 1207 gratissima,
2209 1126 2477 1184 nostros
2506 1141 2521 1183 :

528 1270 564 1299 »
604 1235 829 1333 thue
848 1229 1047 1315 facis,
1083 1225 1365 1303 relevare
1391 1223 1592 1312 velis,
1631 1223 1879 1326 quibus
1900 1221 2187 1310 urimur,
2215 1239 2432 1297 aestus.
2468 1257 2504 1290 »
2548 1249 2648 1301 suf,

518 1348 824 1424 Forsitan
853 1343 1251 1431 addiderim,
1290 1342 1384 1416 sic
1412 1370 1514 1415 me
1546 1367 1690 1416 mea
1722 1338 1857 1413 fata
1890 1337 2274 1425 trabebant,

521 1463 888 1541 Blanditias
918 1460 1143 1564 plures
1171 1491 1187 1533 ε
1215 1476 1318 1548 et,
1353 1492 1388 1523 «
1419 1459 1530 1532 Tu
1561 1456 1725 1531 mibi
1752 1483 1991 1551 magna
2021 1452 2330 1555 voluptas
2348 1512 2367 1543 ‚

534 1616 568 1647 n
604 1582 836 1655 Dicere
868 1578 992 1653 sim
1025 1574 1267 1650 solitus
1294 1605 1310 1648 ε
1346 1592 1420 1648 tu
1453 1603 1558 1649 me
1592 1572 1939 1674 reficisque
1961 1628 1980 1659 ,
2015 1571 2326 1673 fovesque
2356 1601 2372 1645 ε

536 1732 571 1763 »
607 1700 714 1772 Tu
750 1695 910 1769 facis
930 1750 949 1781 ‚
989 1710 1067 1767 ut
1096 1690 1331 1778 silvas,
1362 1707 1442 1764 ut
1470 1718 1681 1765 amem
1714 1687 1865 1763 loca
1896 1688 2082 1777 sola;
2117 1716 2397 1789 meoque

537 1847 573 1878 n
613 1811 901 1912 Spiritus
928 1808 1053 1881 iste
1089 1824 1244 1880 tuus
1277 1834 1536 1908 semper
1568 1822 1872 1907 captatur
1900 1804 1984 1880 ab
2020 1833 2152 1879 ore.
2194 1839 2228 1870 »

2554 1827 2658 1880 820

533 1926 832 2000 Vocibus
863 1923 1201 2018 ambiguis
1236 1921 1575 2024 deceptam
1607 1921 1897 2022 praebuit
1929 1950 2149 1996 aurem

534 2038 775 2115 Nescio
812 2039 963 2139 quis
990 2067 1008 2125 ;
1041 2065 1412 2139 nomenque
1443 2038 1641 2111 Aurae
1677 2054 1809 2111 tam
1843 2063 2016 2136 saepe
2040 2052 2347 2110 vocatum

538 2160 704 2232 Esse
735 2173 978 2256 putans
1011 2153 1333 2255 Nymphae
1355 2209 1375 2241 ‚
1409 2151 1787 2254 Nympbam
1823 2148 1989 2224 mibi
2021 2150 2231 2224 credit
2259 2151 2478 2225 amari.

544 2270 859 2345 Criminis
892 2266 1223 2369 extemplo
1253 2267 1393 2342 ficti
1427 2266 1807 2342 temerarius
1838 2282 2071 2340 auctor

539 2384 816 2459 Procrin
853 2383 1027 2471 adit,
1066 2381 1425 2483 linguaque
1455 2382 1658 2457 refert
1692 2381 1913 2457 audita
1944 2410 2231 2457 susurra.

2566 2403 2666 2458 825

545 2497 830 2576 Credula
861 2527 965 2574 res
996 2527 1184 2574 amor
1212 2516 1357 2573 est:
1387 2497 1616 2585 subito
1651 2497 1942 2600 collapsa
1974 2496 2207 2573 dolore

541 2711 634 2761 lat.
660 2706 838 2777 Vulgo
856 2744 872 2772 ,
901 2709 1109 2770 exe'ban
1147 2725 1209 2759 ex
1229 2702 1560 2775 interpreta-

543 2787 704 2839 tione.
720 2812 786 2826 —
803 2784 954 2854 Regii
979 2784 1144 2838 nostri
1160 2822 1176 2850 ,
1196 2785 1419 2844 exhalat,
1446 2783 1560 2837 sine

545 2865 851 2918 confusione
884 2875 1187 2934 temporum
1217 2883 1231 2917 ε
1261 2881 1387 2917 nam
1413 2881 1562 2934 ρη-

547 2960 667 2994 sens
686 2940 786 2995 hoc
811 2941 923 2995 loco
943 2942 1190 2996 convenit
1207 2942 1409 2996 melius.
1428 2943 1531 2994 Ed.

614 3018 728 3070 813.
765 3019 914 3070 Aura
931 3059 945 3080 ‚
983 3023 1226 3081 recordor,
1252 3031 1350 3074 etc.
1377 3020 1440 3072 ln
1466 3018 1563 3073 hac

1719 2705 1832 2777 819.
1848 2705 1970 2758 Sola
1981 2745 1995 2767 ‚
2021 2703 2240 2758 deserta.
2253 2706 2564 2773 —Spidlum
2579 2718 2669 2760 aut

1652 2785 1926 2836 anhelitum
1940 2782 2152 2836 alterius
2166 2794 2376 2853 captant
2394 2785 2551 2837 etiam
2564 2785 2671 2839 col-

1654 2860 1948 2930 loquentes,
1971 2862 2072 2929 lv,
2096 2864 2533 2930 72.—Decep!am‚·
2547 2863 2670 2918 Sixii

1662 2936 1846 2992 Codex
1870 2943 2111 2992 eirca-dam
2128 2980 2141 3001 ‚
2181 2939 2322 3008 quod
2346 2934 2491 2994 dedit
2514 2940 2671 2996 etiarn

1660 3018 2016 3071 Burmannus.
2029 3044 2096 3058 —-
2105 3020 2288 3071 Nesct'o
2301 3022 2427 3087 quis.
2457 3018 2672 3073 Secun-

550 3094 809 3147 cantilena
821 3095 1021 3164 singula
1035 3097 1310 3150 sereverha
1323 3106 1448 3150 sunt
1461 3114 1568 3149 am·
1664 3095 1792 3150 dum
1828 3095 2190 3169 Pherecydem
2222 3096 2324 3150 suit
2359 3115 2537 3150 servus
2563 3136 2579 3169 ,
2611 3116 2673 3150 ex

551 3170 734 3240 higna,
765 3183 1081 3242 possuntque
1107 3184 1160 3226 et
1184 3173 1249 3227 de
1275 3192 1399 3226 aura
1423 3183 1477 3226 et
1501 3172 1567 3227 de
1665 3192 1771 3241 quo
1798 3172 1862 3226 de
1889 3174 2079 3227 marito
2104 3174 2311 3228 Procris
2341 3175 2588 3244 qumivit.
2609 3204 2676 3215 —

554 3248 724 3318 puella
755 3250 883 3319 capi.
915 3246 1150 3320 Doering.
1184 3250 1239 3303 in
1280 3249 1389 3303 Ed.
1421 3251 1568 3303 Vett.

555 3336 693 3396 poet.
717 3325 781 3379 ad
804 3324 1059 3381 Ovidium
1076 3366 1091 3394 ,
1119 3327 1233 3379 Art.
1261 3326 1433 3379 Amat.
1450 3327 1535 3380 Ill
1552 3366 1568 3396 ,

559 3414 726 3475 putat,
740 3412 865 3481 Αὔρα
876 3404 1282 3475 pronunciatum
1297 3425 1407 3461 esse
1421 3398 1569 3482 Kefar,

560 3501 667 3550 quo
702 3482 919 3535 nomine
952 3482 1243 3536 concubina
1281 3493 1462 3537 notata
1489 3484 1572 3537 sit.

561 3558 720 3629 Apud
753 3557 1118 3637 Pherecydem
1163 3559 1426 3631 Cephalus
1460 3580 1573 3614 non

561 3638 739 3691 minus
758 3639 1000 3709 ambigue
1027 3641 1063 3693 ὦ
1086 3642 1262 3711 Νιφίλκ
1280 3680 1295 3706 ,
1326 3646 1575 3715 παραγίνου

561 3717 869 3773 clamitabat.
918 3719 982 3772 In
1021 3719 1186 3773 altero
1221 3720 1366 3775 Artis
1398 3722 1574 3774 Amat.

560 3797 711 3863 loco,
754 3800 958 3866 Quoque
986 3816 1124 3852 meos
1147 3802 1328 3852 releves
1345 3806 1544 3855 estus..

563 3875 884 3941 Accipienda
897 3878 1028 3936 siau,
1045 3877 1245 3928 mobilis
1255 3876 1419 3937 Aura,
1444 3881 1575 3931 veni.

561 3953 880 4021 —Iaeloesque
894 3970 1035 4004 stus
1043 3957 1364 4019 panlrsimg
1385 3954 1474 4022 qui
1491 3971 1578 4007 ει-

1663 3251 1799 3302 Esse
1807 3256 2029 3317 pntaaes3
2054 3251 2219 3304 nostri
2244 3251 2430 3322 Regii,
2454 3271 2567 3305 esse
2576 3272 2676 3319 pn-

1665 3333 1770 3389 !al,
1805 3346 1951 3396 eque
1975 3329 2127 3381 bene.

1731 3408 1843 3473 824.
1861 3410 2066 3467 Auctor,
2087 3406 2309 3460 nuncius
2321 3446 2336 3472 ,
2353 3417 2412 3460 ut
2428 3404 2508 3461 x}
2524 3446 2539 3475 ,
2562 3407 2678 3460 665.

1671 3483 1995 3552 Quanquam
2008 3483 2108 3537 boc
2120 3502 2320 3538 nomen
2331 3485 2560 3540 hocloco
2570 3505 2677 3539 non

1669 3561 1768 3631 nisi
1790 3579 1925 3615 unus
1940 3560 2309 3616 Gronovianus
2328 3562 2484 3617 habet
2499 3605 2512 3623 ,
2538 3564 2679 3619 unde

1670 3638 1865 3709 accepit
1880 3634 2234 3694 Burmannus.
2252 3639 2444 3695 Ceteri
2461 3640 2552 3712 (et
2571 3642 2683 3696 Re-

1671 3718 1738 3786 gii
1764 3736 1973 3788 quoque
1998 3720 2245 3789 Nostri),
2269 3724 2447 3783 dedet,
2482 3734 2541 3777 ut
2566 3723 2681 3777 Art.

1674 3799 1849 3854 Amat.
1879 3820 2007 3872 7¹9·
1995 3820 2006 3831 ·
2041 3801 2201 3857 etiam
2224 3820 2345 3855 mox
2370 3822 2521 3856 versu
2550 3804 2680 3868 833,

1668 3879 1924 3932 ιἰιίιὶίηω.
1939 3879 2231 3932 —Susnrra
2256 3879 2338 3933 alii
2367 3880 2684 3935 substantive

1672 3954 1883 4024 capiunt
1899 3974 1993 4024 pro
2004 3974 2251 4020 susurrus,
2277 3956 2359 4009 alii
2376 3975 2498 4010 cum
2512 3961 2686 4027 liugn

565 4038 716 4081 tuant
736 4038 960 4098 ‚pectus
986 4029 1254 4098 captando
1286 4050 1424 4085 aure
1452 4051 1580 4102 ape-
1674 4032 2023 4103 conjungunt.

565 4105 742 4170 riunt3
772 4106 842 4159 ibi
868 4108 1012 4159 enim
1033 4108 1362 4177 potissimum
1383 4109 1578 4167 calores

566 4187 880 4241 sentiuntur.
906 4189 1002 4240 Ed.

1741 4112 1854 4165 826.
1880 4112 2094 4164 Credula
2108 4130 2189 4165 ms
2197 4132 2341 4165 amor
2356 4120 2463 4177 0:15
2483 4114 2555 4167 sic
2571 4113 2686 4167 Art.

1680 4189 1855 4242 Amat.
1870 4189 1970 4257 ΙΙΙ,
1997 4209 2114 4258 720·
2102 4232 2119 4250 ,
2137 4193 2271 4257 Quia
2281 4212 2462 4246 amans
2474 4210 2681 4258 semper,
