2975 4784
725 333 1797 407 METAMORPHOSEON
1852 340 2049 409 LIB.
2110 343 2200 414 V.

403 475 644 565 Ponit,
679 494 748 550 et
780 495 1090 552 extenuat
1120 507 1515 574 magnorum
1544 480 1714 555 facta
1746 482 2041 556 Deorum
2066 540 2085 574 ,

2386 344 2508 412 381

2418 507 2518 560 3:20

400 592 869 694 Emissumque
907 594 1037 668 ima
1078 594 1156 668 de
1192 595 1344 669 sede
1376 596 1697 697 Typhoea
1730 614 1915 671 terrae
1945 613 1955 623 ‘

404 705 749 781 Caelitibus
779 707 1009 783 secisse
1039 728 1325 799 metum3
1363 728 1772 811 cunctosque
1802 711 2065 786 dedisse

399 824 616 919 Terga
640 821 850 920 sugae3
887 823 1100 900 donec
1128 827 1338 899 fessos
1369 828 1686 928 AEgyptia
1718 825 1915 900 tellus

402 936 673 1038 Ceperit
694 994 713 1027 ‚
751 957 817 1013 et
851 957 1106 1040 septem
1138 940 1464 1016 discretus
1500 942 1571 1014 in
1609 941 1779 1015 ostia
1813 940 2031 1015 Nilus.

401 1061 553 1133 Huc
591 1091 858 1163 quoque
895 1065 1285 1161 terrigenam
1316 1066 1571 1140 venisse
1603 1065 1925 1167 Typhoea
1952 1082 2215 1154 narrat,

2420 1089 2519 1143 325

400 1184 491 1255 Et
523 1211 596 1257 se
626 1186 922 1259 mentitis
953 1186 1247 1288 Superos
1281 1186 1521 1263 celasse
1556 1188 1827 1283 figuris;

407 1337 444 1369 «
483 1305 769 1407 Duxque
805 1309 1058 1403 gregis,
1094 1308 1302 1398 dixit,
1339 1310 1418 1383 fit
1447 1311 1760 1410 Jupiter:
1790 1309 1968 1383 unde
1996 1309 2292 1383 recurvis

398 1512 645 1567 tuebatur
662 1555 677 1581 ,
702 1524 820 1568 uter
840 1518 1153 1571 certantium
1168 1523 1311 1586 prior
1330 1518 1414 1571 di-

394 1601 557 1644 ceret.
578 1594 734 1648 Nunc
754 1614 860 1648 una
884 1597 1157 1651 Pieridum
1181 1598 1288 1667 ipsa
1313 1598 1413 1651 hoc

395 1670 495 1723 sibi
517 1684 734 1743 arrogat.
754 1675 976 1730 Lenzius
989 1696 1117 1730 vero
1138 1677 1209 1730 sic
1235 1677 1412 1730 inter-

396 1748 586 1817 pungit
605 1788 621 1817 ,
651 1757 770 1805 tunc
785 1793 799 1813 ,
824 1759 936 1806 seire
955 1762 1091 1808 sorte
1104 1795 1117 1816 ,
1132 1759 1286 1822 prior.
1308 1773 1414 1822 que

393 1843 453 1878 se
474 1835 573 1879 etc.
593 1866 609 1893 ,
644 1839 701 1881 ut
715 1835 860 1898 prior
882 1831 949 1884 sit
975 1842 1104 1884 natu
1127 1849 1300 1899 major
1320 1850 1412 1883 seu

393 1903 635 1957 maxima.
668 1905 848 1978 Turpe
877 1920 1055 1962 autem
1093 1909 1208 1962 Diis
1244 1928 1412 1979 argu-

395 1992 641 2035 mentum
669 1994 783 2038 erat
804 1985 1050 2040 carminis
1080 2005 1186 2055 seq.
1210 2015 1279 2026 -
1299 1989 1412 2038 Po-

390 2078 507 2112 nere
520 2063 575 2112 ἐκ
589 2062 773 2114 bonvm
783 2103 796 2122 .
815 2062 1036 2116 reddere
1060 2062 1380 2116 honoratum
1392 2103 1408 2130 ,

392 2139 874 2194 commemorandis
894 2142 1007 2209 eius
1023 2143 1316 2197 virtutibus.
1331 2144 1411 2197 si·

390 2215 776 2283 militerpoaeere
785 2222 1031 2285 ingratia.
1053 2214 1163 2272 Cic.
1178 2220 1407 2287 Λαίαν,

391 2308 462 2344 111
480 2331 495 2359 ,
545 2312 596 2345 ιι
630 2313 644 2346 :
669 2292 771 2347 vid.
796 2295 1006 2351 Ernesti
1048 2296 1192 2351 clav.
1221 2296 1334 2352 Cic.
1360 2317 1409 2349 v.

384 2376 573 2438 gralia.
595 2399 663 2414 -
682 2374 969 2436 Extenuat,
996 2375 1276 2430 imminuit.

456 2450 572 2504 321.
604 2452 865 2522 Typhoeus
897 2465 986 2509 aut
1017 2457 1225 2526 Typhon
1256 2455 1409 2526 (Τν-

393 2535 566 2598 ᾳωεῦς,
593 2529 799 2600 Τυφὼν)
822 2543 1122 2586 monstrum
1140 2533 1404 2602 immane,

391 2605 535 2673 quod
550 2607 736 2676 Terra,
754 2609 966 2666 devictis
977 2611 1289 2681 Gigantibus
1302 2632 1407 2668 ma-

391 2684 468 2753 gis
495 2687 792 2741 exacerbata
811 2729 826 2755 ,
864 2710 893 2742 e
931 2690 1157 2744 Tartaro
1187 2692 1407 2762 peperit.

393 2764 444 2816 Is
468 2773 522 2816 et
543 2764 650 2833 ipse
673 2767 859 2821 celum
889 2769 1208 2838 oppugnavit
1232 2808 1248 2837 ,
1287 2771 1408 2839 iac-

390 2840 559 2911 tisque
582 2863 704 2896 cum
728 2846 877 2899 sibilo
899 2857 953 2900 et
974 2849 1135 2902 boatu
1158 2847 1405 2903 canden-

391 2918 529 2973 tibus
541 2923 670 2976 saxis
683 2922 828 2977 Deos
844 2926 1047 2978 terruit.
1064 2926 1284 2981 Hesiod.
1301 2926 1403 2980 Th.

391 2995 492 3048 820
502 3017 612 3067 sqq.
631 3021 645 3062 ς
669 2999 915 3070 Apollod.
933 3003 958 3054 1
974 3043 988 3062 ‚
1007 3018 1066 3054 Vl
1084 3041 1100 3068 ,
1118 3004 1150 3055 3
1167 3024 1181 3066 ς
1201 3004 1403 3057 Anton.

390 3074 506 3126 Lib·
521 3092 700 3131 xxvm
712 3089 767 3131 et
781 3096 932 3132 xtvn
949 3101 963 3143 ;
986 3079 1157 3134 Schol.
1173 3079 1406 3153 AEschyli

390 3152 455 3205 ad
475 3154 652 3209 Prom.
669 3156 760 3208 351
784 3178 798 3219 ;
826 3155 1080 3227 Hyg.sab.
1108 3160 1198 3209 152
1215 3168 1270 3210 et
1295 3159 1402 3230 196.

389 3230 440 3284 E
458 3231 803 3304 descriptione
830 3233 1049 3287 Hesiodi
1075 3235 1218 3288 facile
1244 3255 1405 3305 appa-

388 3320 473 3363 ret
485 3349 501 3376 ,
521 3322 702 3365 ventos
715 3312 1045 3381 procellosos,
1060 3322 1236 3366 motus
1252 3323 1403 3368 terre

389 3388 732 3459 flammasque
761 3391 886 3446 inde
919 3402 1257 3460 erumpentes
1282 3391 1405 3447 huic

388 3467 589 3523 fictioni
603 3469 863 3539 originem
880 3469 1098 3524 dedisse.
1112 3471 1256 3539 Fuga
1267 3470 1403 3525 Deo·

387 3549 510 3598 rum
540 3556 866 3600 mutatorum
888 3548 941 3600 in
966 3547 1256 3618 AEgyptum
1274 3586 1291 3613 ‚
1312 3548 1402 3601 ubi

387 3622 484 3680 Dii
496 3624 592 3676 sub
606 3625 785 3678 formis
798 3625 1146 3678 animantium
1162 3624 1402 3678 coleban-

385 3714 498 3768 tur,
514 3702 689 3755 addita
705 3715 801 3770 est,
825 3716 883 3757 ut
900 3703 1082 3772 religio
1096 3703 1401 3775 AEgyptiaca

386 3778 876 3834 accommodaretur
882 3780 1093 3834 (ἱππέα.
1103 3780 1304 3834 Eadem
1315 3782 1402 3851 igi·

388 3873 479 3916 tur
516 3858 792 3914 tradebant
824 3861 1116 3915 sacerdotes
1151 3861 1400 3934 AEgyptii.

387 3938 666 4012 Hyginus,
699 3937 759 3990 P.
788 3939 852 3992 A.
878 3938 966 4004 11,
994 3942 1071 3993 28.

454 4021 565 4072 322.
585 4018 903 4086 cunctosque.
925 4015 1108 4072 Codex
1131 4017 1399 4072 Basileen-

388 4098 473 4170 sis,
491 4096 682 4166 Margo
699 4096 921 4170 Micyni,
937 4094 1162 4166 Gryphii
1177 4094 1398 4156 etBers-

1509 1517 1694 1570 manni
1713 1556 1728 1582 ,
1755 1523 2009 1587 victosque
2025 1557 2039 1577 .
2068 1516 2207 1586 quod
2223 1535 2333 1570 non
2355 1515 2528 1587 displi-

1509 1595 1660 1649 cebat
1691 1596 1929 1650 Heinsio.
1965 1593 2188 1649 Codices
2212 1596 2377 1649 nostri
2408 1614 2530 1649 ser-

1512 1683 1638 1725 vant
1659 1680 1865 1726 cunctos
1881 1714 1893 1734 ‚
1935 1672 2075 1743 quod
2100 1675 2305 1728 rectius.
2328 1676 2429 1725 Ed.

1576 1751 1690 1802 325.
1735 1752 2063 1819 Terrt‘genam.
2098 1761 2298 1819 Γηγενὴς
2335 1750 2528 1804 dicitur

1510 1825 1669 1878 etiam
1696 1826 1959 1899 AEschylo.
1984 1829 2031 1881 A
2047 1828 2083 1881 J
2088 1847 2264 1882 unone
2283 1847 2528 1897 procrea-

1510 1914 1597 1956 tur
1633 1904 1686 1956 in
1725 1904 1775 1958 h.
1814 1906 1866 1958 in
1910 1906 2076 1976 Apoll.
2110 1908 2208 1959 306
2241 1926 2353 1975 sqq.
2383 1946 2398 1974 ,
2437 1906 2530 1959 ubi

1508 1982 1594 2036 hic
1616 1981 1829 2053 mythus
1862 1982 2012 2036 aliter
2037 1994 2297 2037 narratur.
2325 1983 2440 2056 Qui
2469 1983 2525 2035 in

1504 2060 1659 2113 aliam
1682 2061 1909 2112 sormam
1938 2071 2211 2113 transeunt
2230 2100 2246 2127 ,
2281 2080 2343 2113 ea
2365 2080 2422 2112 se
2442 2080 2529 2114 ce-

1504 2140 1612 2189 late
1625 2137 1889 2189 dicuntur.
1904 2129 1987 2190 ‘Vl
2002 2176 2017 2202 ,
2051 2158 2069 2189 ι
2084 2158 2142 2191 ιο
2155 2176 2170 2202 ,
2192 2138 2351 2191 etiam
2369 2140 2524 2200 abdi,

1503 2227 1591 2282 ut,
1609 2219 1635 2271 1
1659 2218 1841 2269 Amor.
1859 2233 1894 2268 x
1909 2254 1924 2281 ,
1951 2218 1982 2269 3
1995 2220 2210 2283 ,plumtr
2225 2220 2429 2269 abdilus
2444 2220 2526 2270 al·

1505 2298 1680 2352 hm,—
1695 2295 1913 2347 Mentiri
1922 2293 2150 2361 aliquem
2166 2294 2431 2363 eleganter
2446 2294 2479 2346 d
2485 2294 2526 2347 i-

1503 2375 1641 2428 citur
1658 2413 1674 2440 ,
1692 2375 1782 2443 qui
1804 2375 2031 2426 sormam
2049 2374 2163 2441 eius
2185 2373 2373 2428 induit.
2387 2373 2524 2426 Vide

1505 2454 1633 2507 Intt.
1646 2452 1711 2506 ad
1729 2452 1821 2505 Sil.
1837 2452 1913 2518 11,
1930 2452 2043 2520 637.
2063 2452 2330 2522 Quaerunt
2345 2463 2523 2506 autem

1502 2530 1846 2585 Grammatici
1868 2569 1883 2597 ,
1923 2540 2107 2583 utrum
2140 2535 2343 2583 mentiri
2361 2530 2524 2584 etiam

1502 2629 1588 2664 res
1610 2607 1881 2674 dicantur,
1904 2619 2059 2682 atque
2082 2612 2133 2662 τὶ
2154 2612 2389 2661 mentitus
2405 2608 2526 2662 ubi-

1504 2706 1607 2757 que
1624 2687 1787 2739 active
1808 2685 1915 2738 sive
1933 2684 2243 2762 neutraliter
2255 2683 2524 2753 accipien-

1505 2768 1634 2821 dum
1650 2768 1717 2822 sit
1732 2808 1748 2834 ‚
1776 2786 1841 2819 an
1862 2767 2055 2837 passive
2081 2766 2135 2818 in
2153 2765 2262 2818 istis
2278 2764 2523 2834 exemplis

1501 2846 1834 2917 capiendum.
1860 2846 1996 2900 Vide
2016 2845 2279 2899 Schwarz.
2298 2841 2359 2895 ad
2387 2842 2520 2895 Plin-

1504 2927 1636 2980 Pan.
1658 2926 1739 2979 81.
1768 2925 1911 2978 Infra
1932 2925 1982 2977 X
2002 2962 2018 2989 ,
2052 2926 2145 2995 ¹⁵9
2163 2962 2179 2988 ,
2201 2923 2522 2974 mendacibus

1489 3008 1676 3071 μοιτίς
1687 3001 1793 3056 deJ
1795 3021 1890 3055 ove
1904 3001 1959 3053 in
1975 2999 2202 3068 aquilam
2214 2996 2519 3050 mutato.De

1500 3079 1599 3134 hac
1625 3080 1870 3134 Deorum
1908 3076 2364 3132 transformatione
2398 3074 2516 3128 vide

1502 3156 1765 3210 Eratosth.
1797 3168 2029 3220 Koeroeer„
2055 3175 2164 3223 cap.
2196 3174 2290 3224 ²73
2317 3152 2518 3224 Hygia.

1500 3233 1650 3287 dictis
1661 3233 1811 3296 locis;
1828 3233 2027 3288 Anton.
2042 3231 2155 3284 Lib.
2166 3229 2217 3283 d.
2234 3231 2283 3298 1.,
2299 3230 2386 3283 ubi
2399 3229 2516 3296 alia,

1500 3329 1661 3380 quam
1700 3310 1787 3364 hic
1809 3348 1828 3376 ‚
1862 3309 2146 3362 animantia
2177 3326 2518 3362 commemo-

1498 3400 1716 3456 rantur,
1743 3388 1840 3442 sub
1866 3406 2093 3456 quorum
2121 3387 2302 3458 figuris
2326 3386 2416 3439 Dii
2439 3385 2518 3439 la-

1498 3471 1716 3524 tuerint.
1744 3469 1932 3537 Neque
1959 3467 2027 3521 ibi
2050 3468 2264 3538 Jupiter
2288 3476 2342 3519 et
2367 3467 2515 3519 Juno

1499 3556 1795 3611 mutantur,
1816 3544 1906 3598 sed
1924 3556 2107 3598 contra
2132 3545 2377 3597 Minerva
2393 3563 2515 3597 cum

1499 3624 1610 3678 aliis
1623 3623 1736 3676 Diis
1747 3621 2219 3689 additur-Apollod.
2236 3621 2334 3674 hor
2345 3640 2515 3675 unum

1499 3702 1657 3757 habet
1670 3741 1685 3767 ,
1708 3704 1789 3760 τὰς
1806 3705 1930 3760 ὶδῖας
1943 3704 2183 3768 periendo-‚0
2200 3705 2262 3760 εἰς
2278 3710 2389 3763 ζῶα.
2410 3700 2515 3752 Eu·

1496 3778 1603 3833 seb.
1619 3778 1898 3846 Praeparat.
1917 3776 2117 3847 Evang.
2137 3796 2187 3846 p.
2204 3777 2235 3829 3
2247 3797 2287 3842 ι,
2304 3787 2507 3842 monet,

1496 3876 1558 3911 ex
1573 3856 1668 3909 hac
1682 3855 1845 3909 Deor.
1857 3856 2315 3908 transformatione
2332 3866 2511 3908 ortum

1496 3954 1605 3990 esse
1631 3952 1819 3988 eorum
1839 3933 2039 3987 cultum
2061 3932 2198 4003 apud
2219 3932 2512 4006 AEgyptios.

1560 4016 1673 4086 327.
1697 4017 1824 4067 Dux
1841 4020 2007 4082 gregis
2021 4054 2034 4078 ,
2063 4014 2250 4067 hircus.
2269 4011 2511 4066 —Peri-

1496 4094 1697 4164 phrasis
1717 4103 1795 4148 est
1818 4094 2007 4152 arietis.
2048 4095 2187 4149 Nam
2220 4092 2430 4162 Jupiter
2456 4108 2511 4142 se
