2975 4784
496 358 586 426 60

1039 358 1120 421 P.
1184 353 1561 424 OVIDII
1616 350 2084 421 NASONIS

495 501 590 573 Et
623 525 767 597 quae
804 495 1180 570 deciderant
1213 495 1440 597 patula
1470 494 1658 569 Jovis
1691 495 1928 569 arbore
1962 490 2256 589 glandes.

494 622 633 692 Ver
664 636 804 693 erat
834 636 1182 707 aeternum,
1220 617 1595 719 placidique
1629 615 2012 718 tepentibus
2047 613 2227 688 auris

501 741 893 817 Mulcebant
923 744 1206 844 Zephyri
1237 760 1433 816 natos
1466 741 1607 815 sine
1642 740 1889 815 semine
1922 739 2140 818 ssoreS.

502 866 671 939 Mox
704 865 897 940 etiam
933 866 1155 964 fruges
1191 865 1387 940 tellus
1418 865 1669 939 inarata
1698 864 1954 938 ferebat
1983 893 2000 952 ;

497 989 638 1062 Nec
668 1007 1020 1064 renovatus
1055 1016 1209 1085 ager
1243 987 1528 1084 gravidis
1565 986 1843 1061 canebat
1874 984 2113 1060 aristis,

2538 1017 2557 1052 1
2573 1015 2634 1052 10

502 1110 812 1187 Flumina
838 1114 976 1213 jam
1009 1111 1196 1186 lactis
1220 1170 1236 1200 ‚
1266 1113 1401 1211 jam
1434 1110 1707 1185 flumina
1741 1107 2021 1184 nectaris
2055 1107 2276 1193 ibant3

579 1320 689 1373 ιοὸ.
703 1321 903 1373 Patala.
916 1317 1198 1373 Arridebat
1210 1317 1526 1370 Burmanno

509 1417 538 1450 e
559 1395 693 1451 Cod.
718 1397 925 1451 Heinsii
945 1437 960 1463 ‚
985 1401 1131 1464 larga
1146 1438 1160 1459 ‚
1187 1395 1221 1450 i.
1238 1415 1283 1448 e.
1300 1395 1526 1464 benigne

509 1473 707 1529 victum
737 1475 1055 1527 ministrans.
1078 1502 1145 1514 -
1167 1477 1358 1528 Patala
1373 1513 1387 1534 ‚
1412 1489 1531 1541 quae

505 1569 681 1606 ramos
706 1553 807 1604 late
823 1550 1089 1604 diffundit.
1103 1578 1170 1590 —-
1181 1552 1329 1602 Jove]-
1339 1554 1532 1603 arbore.

511 1629 752 1699 Quercn,
771 1632 1065 1694 Jovisacra,
1082 1629 1158 1681 uti
1171 1628 1351 1680 laurus
1364 1627 1529 1694 Apol-

506 1711 629 1768 lini,
658 1709 874 1760 Hercule·
888 1705 1143 1775 populus,
1178 1706 1344 1756 Marte
1358 1701 1526 1756 fraxi-

508 1802 628 1849 nus,
644 1785 943 1835 cimbam·-
955 1783 1087 1848 olea,
1105 1792 1203 1834 etc.
1214 1782 1312 1834 Ed
1313 1779 1528 1850 —Ergo

511 1879 737 1931 quernas
770 1858 983 1930 glandes
1015 1858 1338 1911 devorarunt
1367 1856 1529 1927 primi

509 1937 787 2002 hominen
838 1956 955 2007 quoe
994 1956 1119 1991 sane
1163 1936 1262 1989 suit
1302 1936 1530 2005 vulgaris

516 2018 778 2070 Veterum
803 2016 998 2085 opinio.
1025 2016 1208 2084 ltaque
1230 2025 1285 2068 et
1309 2015 1361 2067 in
1391 2016 1530 2067 Am-

513 2094 806 2150 barvalibuz
839 2112 1099 2164 quet-nam
1138 2111 1392 2146 coronam
1429 2112 1533 2162 ge-

513 2173 703 2226 rebant
734 2173 791 2225 in
818 2171 976 2239 buius
1002 2172 1165 2225 victus
1189 2171 1532 2224 memoriam:

517 2252 667 2321 virg.
701 2249 898 2320 Georg.
942 2250 966 2303 1
988 2289 1002 2316 ,
1044 2250 1159 2302 350.
1197 2248 1306 2303 Sed
1342 2249 1535 2302 merito

518 2328 788 2381 dubitatur
808 2367 822 2394 ,
863 2347 928 2381 an
955 2345 1171 2396 querna
1195 2326 1408 2396 glandes
1440 2325 1539 2379 ali-

516 2417 700 2460 menta
733 2406 1000 2476 praebeant
1032 2403 1271 2456 humano
1309 2403 1538 2473 corpori.

520 2483 689 2536 Error
724 2482 838 2536 sine
878 2480 1039 2534 dubio
1074 2480 1199 2533 inde
1239 2491 1384 2534 ortus
1421 2491 1500 2533 est
1521 2519 1536 2547 ,

520 2560 662 2631 quod
670 2563 874 2630 glandis
887 2569 941 2612 et
949 2561 1149 2627 βαλάνου
1160 2559 1238 2611 vis
1252 2557 1401 2612 latius
1412 2558 1539 2611 olim

521 2638 689 2710 patuit
705 2678 720 2706 ,
753 2655 1039 2706 omnesque
1054 2637 1252 2690 fructus
1273 2634 1541 2689 echinatos

521 2716 789 2787 complexa
806 2726 884 2770 est
908 2713 1058 2768 :vide
1078 2714 1315 2766 Dioscor.
1337 2713 1364 2766 1
1378 2752 1394 2779 ‚
1419 2713 1540 2778 126,

526 2794 615 2847 ubi
641 2796 784 2848 inter
802 2793 899 2846 alia
927 2791 1122 2857 tradit,
1146 2797 1418 2844 castaneas
1441 2788 1543 2841 dici

529 2877 613 2927 Διὶ
589 2898 633 2932 ος
661 2874 912 2936 βαλάνους;
947 2872 1011 2925 cs-
1051 2868 1322 2923 Pausanioe
1349 2865 1540 2920 Arcad.

527 2971 577 3021 p.
611 2954 725 3024 599.
759 2950 945 3003 Kuhn.
979 2952 1157 3020 Atque
1193 2947 1351 3002 etiam
1385 2945 1545 2999 bodie

526 3028 583 3080 in
604 3028 756 3080 terris
772 3028 1077 3082 australibus
1093 3045 1258 3099 genus
1276 3023 1548 3095 quoddam

529 3104 801 3176 glandium
822 3108 1080 3174 nascitur,
1106 3106 1292 3176 quibus
1313 3103 1456 3157 tostis
1476 3103 1548 3155 lo-

527 3203 592 3239 eo
618 3193 979 3239 castanearum
1009 3194 1280 3238 utuntur·
1267 3223 1280 3236 .
1266 3181 1405 3235 wid.
1442 3180 1551 3235 Go-

533 3272 674 3333 guet.
690 3280 803 3315 vom
822 3264 1106 3329 Ursprange
1118 3264 1209 3315 der
1221 3265 1440 3316 Gesme
1451 3269 1550 3311 etc.

534 3361 586 3408 p.
611 3342 663 3405 1,
689 3340 776 3395 lib.
794 3361 839 3394 a.
863 3360 914 3409 p.
939 3343 1001 3410 57
1018 3359 1128 3409 sqq.
1159 3340 1377 3409 Scripsit
1391 3337 1551 3391 etiam

537 3422 817 3474 Leisnerua
838 3437 1015 3488 progr.
1040 3418 1105 3471 de
1127 3417 1475 3470 Glandivoris.

608 3517 717 3568 ¹07·
751 3501 853 3550 Ver
863 3505 975 3550 erat
982 3504 1213 3550 aternum
1229 3507 1325 3550 etc.
1342 3496 1420 3549 Ex
1436 3493 1556 3565 phi-

538 3576 880 3646 losophorum
907 3574 1170 3630 sententia
1186 3614 1202 3643 ,
1243 3593 1400 3644 quam
1422 3591 1556 3627 sua-

542 3656 750 3709 vissime
790 3655 1034 3710 describit
1061 3656 1206 3725 Virg.
1242 3653 1438 3721 Geor-g.
1465 3650 1521 3703 Π
1540 3687 1556 3715 ,

544 3735 643 3787 336
664 3753 774 3803 sqq.
789 3773 804 3800 ,
823 3734 1020 3788 natales
1034 3732 1223 3786 mundi
1250 3733 1305 3784 in
1330 3747 1559 3783 vernum

545 3825 752 3883 tempus
784 3811 1086 3866 incidebant
1102 3850 1118 3878 ,
1157 3810 1317 3878 idque
1352 3818 1561 3877 tempus

542 3891 751 3946 duravit
767 3910 862 3960 per
876 3900 1051 3943 totum
1070 3889 1307 3943 seculum
1323 3893 1562 3940 aureum.

555 3976 657 4026 Ver
673 3973 934 4025 assiduam
965 3978 1044 4021 eat
1071 3967 1219 4037 virg.
1243 3965 1437 4035 Georg.
1467 3965 1560 4034 11,

548 4054 673 4125 ¹49³
693 4053 989 4118 uer-longam
1006 4047 1141 4100 Hor.
1162 4046 1235 4114 11,
1253 4045 1362 4100 od.
1384 4061 1465 4112 Vl,
1489 4066 1563 4118 ¹7·

615 4132 725 4184 108.
759 4133 983 4202 Zephyri
1007 4128 1226 4184 comites
1246 4136 1373 4181 sunt
1394 4126 1566 4181 Veris.

1620 1343 1688 1357 —-
1727 1314 2021 1367 Halceban!
2040 1350 2054 1374 ,
2101 1310 2287 1364 leviter
2333 1308 2596 1377 agitabant
2624 1348 2642 1376 ‚

1622 1396 1727 1448 buc
1743 1404 1797 1447 et
1810 1393 1931 1446 illuc
1946 1391 2229 1445 movebant
2245 1388 2417 1442 flores.
2436 1388 2571 1442 Fast.
2588 1387 2615 1440 1
2625 1426 2642 1453 ,

1623 1474 1683 1527 6ι
1708 1513 1723 1540 ,
1761 1483 1950 1527 ventus
1980 1475 2163 1524 mulce!
2185 1488 2410 1522 summas
2437 1473 2645 1521 aristas.

1633 1553 2054 1623 Teporconvenit
2071 1550 2350 1622 temperiei
2365 1549 2496 1602 aeris
2512 1565 2644 1600 ver-

1626 1632 1699 1685 ni.
1714 1632 1850 1686 Pliu.
1871 1632 1945 1696 11,
1967 1629 2064 1699 Ep.
2081 1646 2221 1695 xvn,
2236 1628 2268 1680 3
2287 1667 2302 1693 ‚
2320 1634 2485 1694 lepore
2496 1643 2647 1677 uma

1623 1714 1887 1762 m‘lescunl.
1915 1706 2146 1761 Causam
2169 1705 2305 1758 illius
2326 1702 2519 1774 teporis
2534 1700 2648 1755 red·

1626 1785 1704 1839 dit
1722 1786 1927 1839 Lucret.
1941 1786 2014 1852 V,
2032 1784 2153 1837 816:
2171 1783 2252 1837 A!
2266 1787 2464 1835 nomas
2475 1783 2656 1833 munde·

1623 1883 1718 1917 aec
1733 1862 1939 1932 frigora
1959 1867 2088 1917 duta
2118 1865 2287 1915 ciebat
2307 1871 2404 1915 etc.
2437 1888 2506 1900 —
2531 1860 2650 1911 Sine

1622 1946 1826 2004 sem‘ne,
1852 1942 1965 1995 sine
1981 1960 2107 1995 cura
2123 1940 2404 1993 hominum
2426 1958 2440 1992 t
2460 1935 2649 2006 virgil.

1629 2019 1822 2091 Georg.
1836 2021 1861 2073 1
1876 2060 1891 2086 ‚
1923 2041 2009 2087 aa,
2045 2041 2143 2073 non
2155 2023 2258 2073 ullo
2269 2017 2649 2088 seme‘ncsmges.

1630 2098 1763 2151 Haec
1784 2109 1910 2153 aunt
1930 2098 2132 2166 e’njussa
2147 2102 2396 2166 gramina.

1703 2196 1814 2249 ¹09·
1843 2177 1973 2228 Mox
2007 2194 2116 2229 non
2153 2173 2404 2244 tempori:
2434 2191 2652 2228 succes-

1631 2256 1836 2309 sionem
1848 2253 2061 2320 indicat,
2076 2252 2166 2307 sed
2179 2252 2548 2306 continuatum
2565 2267 2656 2301 or-

1634 2333 1816 2387 dinem
1832 2371 1846 2397 ,
1871 2331 2016 2385 idem
2039 2348 2196 2400 quam
2219 2339 2486 2398 praterea.
2513 2326 2657 2379 Vide

1635 2410 1899 2464 Schwarz.
1913 2408 1977 2462 ad
1995 2407 2129 2460 ΡΙὶιι.
2134 2405 2262 2459 Pan.
2270 2403 2426 2468 Vlss,
2445 2402 2492 2455 6.
2507 2404 2660 2456 Male

1635 2487 1793 2557 igitur
1811 2485 2032 2539 Lenzius
2047 2492 2259 2546 monet,
2280 2478 2538 2534 Ovidium
2552 2477 2666 2533 boc

1638 2565 1895 2636 posuisse,
1932 2561 2248 2632 quiasrugcs
2271 2559 2435 2612 serius
2473 2569 2665 2611 matu-

1637 2652 1850 2696 rescunt
1882 2640 2110 2693 floribus.
2154 2639 2341 2707 Neque
2376 2635 2524 2690 idem
2560 2656 2666 2689 noa

1639 2727 1903 2775 renovatus
1919 2729 2058 2772 recte
2077 2717 2322 2786 explicat,
2341 2735 2455 2768 non
2471 2724 2665 2768 aratus.

1712 2820 1733 2852 ι
1745 2820 1820 2852 ιο.
1845 2800 1952 2852 Nec
1964 2803 2229 2850 renovatus
2239 2815 2372 2862 ager.
2392 2794 2567 2847 Immo
2586 2813 2668 2845 ab

1642 2884 1852 2932 novatus
1874 2897 1998 2946 aget
2018 2887 2096 2930 est
2119 2875 2317 2928 novalis
2335 2915 2350 2941 ‚
2379 2875 2470 2944 qui
2494 2873 2666 2926 alter-

1644 2958 1726 3010 nis
1749 2956 1899 3010 annis
1922 2966 2069 3009 vacat
2087 2966 2141 3008 et
2161 2964 2401 3007 novatur.
2428 2952 2626 3005 Sensus
2648 2966 2662 3000 :

1644 3033 1876 3103 Singulis
1900 3032 2050 3086 annis
2077 3051 2168 3086 sua
2191 3041 2376 3101 sponte
2401 3047 2525 3099 ager
2546 3028 2664 3081 sru-

1646 3120 1828 3165 menta
1852 3111 2053 3164 serebat
2069 3150 2082 3174 ‚
2111 3129 2209 3162 nec
2233 3118 2368 3166 erat.
2395 3126 2490 3161 cur
2513 3106 2664 3159 alter·
2735 3137 2742 3144 ·

1646 3189 1730 3242 nis
1766 3199 2005 3245 cessaret.
2039 3216 2108 3228 —
2131 3188 2383 3247 Cane-bat,
2419 3183 2664 3254 exprimit

1651 3270 1964 3324 albicantem
2002 3268 2189 3339 segetis
2230 3264 2476 3318 colorem.
2515 3263 2665 3333 Virg.

1653 3350 1766 3404 Ecl.
1790 3350 1870 3404 lv
1891 3389 1906 3417 ,
1935 3348 1998 3400 28
2016 3386 2032 3413 ,
2071 3364 2183 3398 non
2209 3344 2386 3397 minus
2409 3352 2626 3395 venuste
2649 3379 2667 3406 ,

1652 3431 1801 3481 molli
1815 3429 2066 3496 flavescet
2108 3440 2316 3490 campus
2358 3426 2537 3474 arelo-la.
2591 3417 2672 3471 Ita

1654 3526 1797 3560 canoe
1818 3508 2014 3568 ariste,
2041 3501 2123 3554 VI
2139 3540 2154 3568 ,
2178 3501 2290 3567 456.
2305 3526 2374 3539 -—
2400 3499 2638 3551 Gravidis·
2657 3534 2673 3561 ,

1656 3584 1824 3655 plenis
1838 3598 2145 3652 granorum,
2162 3588 2241 3644 ut,
2261 3577 2365 3645 111,
2380 3575 2478 3628 665
2493 3615 2508 3643 ,
2539 3575 2678 3626 Gra-

1656 3663 1788 3713 videtr
1808 3661 2068 3729 corymbetr.
2092 3655 2363 3710 Caeterum
2380 3670 2472 3706 sua
2489 3661 2678 3722 sponte

1657 3738 1785 3791 olim
1801 3738 2068 3790 frumenta
2085 3745 2209 3788 nata
2221 3752 2329 3786 esse
2343 3749 2554 3784 necesse
2573 3737 2678 3781 est:

1657 3815 1764 3870 vid.
1803 3815 1981 3888 Heyn.
2022 3815 2078 3868 in
2115 3812 2313 3882 Opusc.
2356 3806 2518 3863 Acad.
2550 3815 2586 3860 t.
2615 3805 2679 3873 l,

1661 3916 1711 3966 P·
1734 3895 1833 3968 339
1854 3914 1966 3964 ‚qq

1735 3993 1754 4025 ι
1769 3993 1788 4024 ι
1802 3994 1841 4026 ι.
1846 3971 2366 4037 Humnmsamlacm.
2377 3964 2464 4018 sic
2475 3962 2628 4031 eloqu
2636 3981 2686 4014 e·

1660 4048 1856 4102 bantur
1867 4059 2070 4101 veteres
2083 4063 2332 4115 magnam
2349 4042 2492 4096 lactis
2505 4050 2559 4094 et
2573 4039 2682 4091 vini

1664 4127 1866 4196 copiam
1883 4165 1899 4193 ‚
1927 4143 2030 4194 qua
2056 4135 2293 4192 tempore
2317 4139 2479 4175 aureo
2502 4137 2684 4172 vacca-
