2975 4784
489 379 620 444 280

1043 375 1123 438 P.
1190 373 1546 442 0V1D11
1614 372 2068 442 NASONIS

491 549 529 584 ³»
569 518 661 590 Et
695 515 880 590 flenti
917 515 1183 604 similis;
1211 518 1368 590 Non
1390 516 1530 590 haec
1564 516 1729 590 mihi
1759 515 1987 604 litora,
2023 534 2283 605 nautae‚‘

500 664 536 698 »
577 630 986 706 Promisistis
1007 687 1026 719 ,
1058 631 1189 719 ait;
1221 660 1362 704 non
1388 630 1528 705 haec
1559 632 1725 705 mihi
1762 650 1935 707 terra
1964 650 2195 728 rogata
2228 649 2371 706 est:

480 783 525 814 ω
565 749 724 845 Quo
757 747 968 821 merui
999 774 1263 848 poenam
1292 747 1469 821 facto
1494 749 1523 821 ?
1551 777 1697 848 quae
1733 748 1945 843 gloria
1974 766 2189 823 vestra
2218 765 2359 835 est,

489 899 526 932 »
568 866 644 970 Si
676 893 959 966 puerum
988 865 1261 963 juvenes
1281 920 1300 952 ,
1339 865 1396 937 si
1430 863 1628 937 multi
1660 862 1889 937 fallitis
1925 865 2180 936 unum?

2508 882 2616 936 65⁵

491 1015 528 1047 »
569 984 614 1053 J
618 980 979 1056 amdudum
1009 979 1248 1054 flebam
1279 1008 1297 1051 ε
1327 977 1626 1054 lacrimas
1658 1007 1894 1053 manus
1929 979 2134 1080 impia
2163 995 2422 1052 nostras

485 1130 522 1162 »
565 1096 808 1180 Ridet;
837 1114 906 1171 et
937 1093 1222 1197 impellit
1249 1094 1771 1196 properantibus
1805 1122 2071 1194 aequora
2100 1095 2318 1182 remis»,

490 1244 525 1276 »
565 1212 696 1285 Per
730 1210 857 1284 tibi
889 1237 1068 1284 nunc
1099 1209 1354 1309 ipsum,
1391 1238 1516 1282 nec
1550 1209 1726 1283 enim
1759 1209 2150 1310 praesentior
2183 1207 2301 1281 illo

490 1359 528 1391 »
568 1328 697 1398 Est
728 1326 948 1411 Deus,
987 1322 1218 1421 adjuro
1239 1378 1261 1411 ‚
1296 1341 1431 1396 tam
1463 1351 1568 1395 me
1606 1322 1734 1396 tibi
1761 1350 1912 1396 vera
1941 1321 2211 1408 referre,

484 1472 524 1506 ι)
564 1442 788 1538 Quam
821 1438 959 1512 veri
993 1439 1244 1538 majora
1276 1436 1407 1511 fide
1434 1467 1453 1511 ε
1484 1438 1673 1510 stetit
1704 1465 1967 1537 aequore
1999 1436 2250 1537 puppis

392 1611 401 1620 .
484 1587 522 1620 »
562 1554 763 1628 Haud
791 1554 1016 1641 aliter,
1058 1582 1255 1654 quam
1286 1551 1345 1626 si
1378 1553 1628 1626 siccum
1661 1550 1889 1625 navale
1925 1568 2194 1625 teneret.

487 1702 526 1735 »
565 1667 676 1742 Illi
708 1667 1106 1742 admirantes
1139 1694 1473 1741 remorum
1506 1666 1580 1739 in
1613 1667 1881 1741 verbere
1914 1683 2258 1768 perstant3

486 1818 523 1850 »
560 1783 858 1883 Velaque
893 1783 1272 1869 deducunt;
1310 1781 1703 1882 geminaque
1738 1809 1864 1881 ope
1895 1810 2157 1856 currere
2191 1797 2466 1855 tentant.

486 1933 523 1964 »
563 1899 949 2000 Impediunt
978 1898 1237 1973 hederae
1268 1925 1485 1972 remos
1501 1954 1520 1986 ,
1553 1924 1859 1998 nexuque
1890 1925 2163 1971 recurvo

543 2108 657 2160 652.
690 2109 809 2160 Non
830 2108 937 2158 bec
959 2108 1090 2158 mibi
1105 2114 1201 2160 etc.
1236 2106 1359 2158 Non
1383 2104 1496 2159 hac

479 2184 612 2237 mihi
649 2183 802 2237 litora
835 2183 1140 2253 promisistis
1167 2223 1184 2251 ,
1229 2203 1345 2254 quae
1381 2203 1494 2237 non

478 2273 605 2315 sunt
641 2262 794 2315 litora
811 2300 828 2328 ,
862 2261 954 2315 sed
998 2280 1144 2314 mare
1176 2280 1191 2314 ε
1230 2281 1344 2315 non
1385 2261 1497 2316 hnc

483 2352 623 2394 terra
638 2380 654 2407 ,
681 2360 797 2411 quae
810 2360 922 2395 non
938 2352 1015 2396 est
1029 2354 1193 2404 terra,
1220 2341 1313 2396 sed
1330 2362 1461 2412 aqua
1474 2382 1490 2410 ,

482 2418 613 2471 mihi
626 2430 804 2488 rogata
821 2429 912 2473 est.
927 2419 1112 2472 Burm.
1130 2419 1353 2473 Lennius
1366 2437 1495 2473 vero

479 2508 630 2568 putat
652 2538 667 2564 ‚
701 2517 826 2552 eum
846 2498 1161 2569 prospexisse
1184 2501 1292 2567 jam
1318 2500 1493 2554 Delon

478 2578 845 2647 propinquam.
893 2578 1050 2631 Hanc
1093 2578 1495 2649 interpretatio-

480 2674 608 2710 nem
626 2654 838 2723 adjuvat
853 2655 1141 2725 Schepperi
1159 2658 1485 2726 conjectura:

470 2739 668 2799 portum
691 2750 788 2802 pro
806 2738 1031 2800 pontum.
1051 2758 1121 2773 —-
1158 2735 1278 2799 Quae
1293 2738 1460 2801 gloria
1476 2774 1491 2796 ‚

481 2820 610 2877 etc„
644 2819 704 2862 ut
742 2808 915 2863 Tibul.
941 2809 1001 2874 1,
1037 2825 1175 2875 vm,
1212 2813 1309 2881 49,
1337 2830 1495 2877 puero

478 2907 585 2957 quae
615 2891 781 2955 gloria
819 2892 955 2940 viclo
973 2891 1004 2943 ?
1042 2913 1109 2927 -·
1144 2888 1361 2939 Iuvenes
1390 2886 1493 2941 dici

482 2966 651 3020 solent
672 2977 846 3020 nautae
867 2976 921 3019 et
942 2966 1183 3035 remiges.

544 3043 658 3097 658.
698 3047 931 3097 Proesens
969 3046 1117 3097 Deus
1135 3083 1149 3104 ,
1216 3043 1304 3113 qui
1340 3043 1491 3098 nobis

481 3119 668 3173 auxilio
689 3139 785 3173 suo
808 3119 968 3174 adest.
991 3118 1100 3173 Sed
1124 3118 1176 3172 h.
1198 3119 1230 3173 1.
1249 3120 1491 3190 ambigue

479 3198 678 3252 dictum
692 3195 902 3250 videtur
919 3236 936 3264 ‚
955 3208 1010 3251 et
1023 3196 1177 3250 simui
1190 3196 1255 3250 de
1273 3216 1494 3267 praesen·

479 3277 549 3329 tia
566 3273 797 3344 corporis
808 3274 1139 3345 capiendum.
1160 3274 1317 3329 Conf.
1328 3276 1462 3329 XIV
1472 3314 1489 3342 ‚

478 3356 592 3428 679.
614 3380 682 3393 —
711 3356 844 3407 Vera
863 3354 1058 3422 resem-
1089 3353 1272 3408 Codex
1296 3353 1494 3425 Regius

376 3455 379 3460 >
480 3432 529 3484 A
548 3472 563 3497 ,
596 3434 749 3485 verba
764 3431 959 3498 salen‘,
998 3442 1054 3486 et
1076 3432 1231 3501 paulo
1253 3442 1401 3501 post,
1427 3432 1491 3485 ab

448 3557 453 3561 .
475 3508 663 3562 eadem
687 3527 876 3572 manu,
903 3511 1055 3562 verba
1077 3507 1270 3574 restare.
1292 3509 1491 3562 Forsan

474 3587 631 3641 lectio
660 3589 832 3657 fateri
856 3607 980 3641 vera
1022 3587 1102 3641 sit.
1139 3590 1239 3641 Ed.
1275 3615 1342 3627 -
1378 3590 1502 3641 Ven'

455 3666 601 3731 fide,
642 3674 705 3718 ut
745 3662 1001 3718 Heroidd.
1039 3662 1175 3717 XVI
1193 3704 1208 3729 ,
1241 3664 1322 3718 60.
1377 3666 1502 3716 Veri

475 3747 567 3792 vix
587 3743 822 3795 babilam
817 3746 980 3812 fidem
1013 3763 1029 3795 .·
1048 3741 1166 3797 vide
1192 3741 1491 3796 Heinsium.

538 3818 651 3872 66².
676 3822 941 3874 Remorum
955 3826 1011 3873 in
1025 3821 1235 3873 verbere.
1252 3821 1493 3889 Pei-gunt

473 3893 749 3947 verberare
766 3914 910 3948 mare
926 3899 1124 3962 (τύπτειν
1136 3898 1224 3949 ἅλα
1239 3895 1490 3966 Homer.)

474 3972 647 4025 remis.
707 3971 964 4025 Similiter
1002 3974 1225 4044 piscator
1268 3976 1496 4027 verberat

473 4069 668 4103 amnem
680 4049 881 4118 sunda,
902 4049 1050 4122 Virg.
1071 4050 1263 4121 Georg.
1291 4051 1317 4103 1
1335 4090 1352 4115 ,
1382 4053 1487 4118 141.

473 4154 541 4168 --
562 4129 688 4182 Vela
710 4130 960 4183 deducunt
977 4148 1040 4184 ex
1070 4129 1340 4196 antennis,
1366 4128 1455 4182 ubi
1470 4168 1487 4195 ,

1596 2106 1848 2178 quamdiu
1872 2125 2003 2176 opus
2033 2105 2096 2159 iis
2124 2122 2237 2159 non
2268 2113 2414 2169 erat,
2455 2101 2610 2172 ligata

1601 2185 1904 2254 pendebant
1919 2224 1933 2250 ,
1953 2193 2012 2236 ut
2022 2189 2226 2251 gentina
2236 2201 2328 2249 ope
2341 2223 2355 2244 ,
2381 2180 2507 2233 veiis
2526 2199 2610 2234 re·

1590 2267 1792 2334 m'uque
1809 2304 1827 2332 ,
1860 2271 2076 2318 currant.
2108 2263 2334 2318 Lentim
2378 2272 2564 2316 eontra
2592 2281 2606 2315 :

1591 2343 1914 2398 contrahunt
1957 2344 2070 2398 vela
2097 2383 2113 2410 ,
2152 2353 2307 2397 antea
2351 2360 2573 2413 expansa
2591 2381 2607 2406 ,

1592 2431 1844 2491 tanquam
1869 2421 1922 2473 in
1951 2420 2085 2473 vado
2108 2431 2315 2487 essent,
2352 2431 2408 2474 et
2432 2420 2606 2489 getni-

1592 2499 1727 2552 natis
1749 2498 1943 2550 viribus
1962 2516 2139 2552 remos
2164 2509 2399 2551 movent.

1652 2575 1767 2642 664.
1791 2577 2076 2643 Impediunt
2101 2578 2296 2630 hedera·
2326 2592 2505 2627 renos.
2543 2573 2607 2626 ln

1589 2651 1794 2724 hymno
1828 2653 2087 2719 Homeri,
2133 2654 2319 2707 vinnm
2359 2651 2479 2705 fluit
2517 2671 2610 2721 per

1590 2748 1782 2784 navem
1801 2769 1821 2796 ,
1864 2749 1988 2783 mox
2041 2731 2098 2783 in
2143 2730 2262 2783 velo
2299 2727 2612 2799 expanditur

1588 2806 1737 2868 vitis.
1769 2808 1970 2861 malum
2004 2807 2170 2878 cingit
2201 2807 2430 2873 hedera,
2468 2805 2612 2860 scal·-

1590 2885 1767 2953 mique
1785 2904 1972 2940 omnes
1983 2886 2193 2940 coronis
2205 2896 2480 2939 ornantur.
2495 2884 2609 2956 Hy-

1588 2963 1741 3034 ginus
1782 2983 1795 3016 :
1830 2983 1993 3022 tensos
2024 2970 2079 3017 iu
2116 2967 2318 3035 thyrsos
2351 2967 2568 3016 aniane?
2586 3003 2601 3026 ,

1588 3043 1703 3093 oela
1724 3046 1780 3093 iu
1801 3046 2072 3109 pampinos
2085 3081 2100 3103 ‚
2130 3043 2366 3094 'ndentes
2384 3047 2441 3093 ίι
2456 3043 2624 3094 Μαι.

1587 3139 1712 3172 ram.
1737 3117 1868 3174 Haec
1891 3121 2049 3189 igitur
2072 3130 2254 3174 auctor
2275 3121 2496 3190 quisque
2509 3139 2610 3174 sno

1589 3196 1753 3249 modo
1787 3199 2094 3263 exornavit,
2146 3198 2390 3250 onmium
2426 3198 2611 3267 eopio-

1587 3274 1786 3327 sissime
1804 3274 2007 3329 Senem
2025 3313 2041 3342 ,
2071 3273 2197 3328 OEd.
2223 3275 2491 3342 451-455,
2519 3276 2609 3329 ubi

1588 3352 1748 3405 etiam
1768 3371 1914 3405 mare
1938 3353 1992 3404 in
2011 3363 2222 3422 pratum
2241 3362 2494 3406 mutatur.
2524 3352 2609 3407 si·

1587 3429 1731 3483 milia
1745 3429 2096 3499 phoenomena
2109 3430 2468 3501 legumus-IV,
2480 3432 2610 3503 394:

1593 3510 1868 3565 Claudian.
1891 3511 1970 3576 X,
1999 3512 2090 3566 188
2106 3551 2126 3578 ,
2151 3510 2368 3565 Venere
2396 3510 2612 3565 adven-

1589 3598 1734 3642 tante
1757 3628 1773 3655 ,
1800 3598 1854 3642 et
1877 3589 2100 3655 xxw,
2125 3588 2257 3655 366,
2283 3588 2494 3643 Baccho
2515 3608 2611 3658 per

1594 3685 1806 3737 equora
1824 3667 1985 3720 rubra
2011 3666 2290 3737 navigante
2306 3706 2322 3735 ,
2361 3667 2452 3720 ubi
2474 3686 2612 3721 nos-

1590 3754 1733 3798 trum
1750 3744 1925 3799 locum
1942 3744 2167 3813 respexit
2182 3784 2198 3809 ,
2225 3744 2280 3796 in
2302 3763 2409 3814 qno
2432 3745 2611 3798 omnia

1587 3821 1698 3875 sere
1735 3818 1927 3875 Bacchi
1975 3820 2198 3892 insignia
2237 3821 2606 3876 ostenduntur.

1587 3899 1896 3966 Impediunt,
1916 3899 2164 3969 cingunt,
2181 3909 2239 3951 ut
2252 3919 2366 3969 sup.
2382 3900 2468 3966 11,
2492 3900 2604 3966 433.

1588 3974 1806 4030 Hedera
1826 3974 2049 4029 brachiis
2073 3976 2204 4039 suis,
2240 3977 2348 4031 sive
2372 3976 2602 4031 clavien-

1584 4050 1666 4118 lis,
1685 4071 1813 4121 quas
1827 4052 2074 4122 plurimas
2091 4053 2231 4106 inter
2247 4055 2368 4108 solia
2384 4054 2594 4116 emittit,

1586 4130 1769 4184 omnia
1792 4129 2108 4200 amplectens
2134 4131 2272 4186 bene
2293 4150 2482 4200 serpen
2505 4128 2595 4184 di-
