2975 4784
551 386 673 455 186

1100 389 1179 453 P.
1244 388 1612 456 OVIDII
1662 388 2128 458 NASONIS

550 527 1022 625 Oceanumque
1058 552 1314 613 senem;
1353 555 1640 627 quorum
1672 527 2032 601 reverentia
2065 528 2272 601 movit

2574 551 2669 604 510

544 641 729 740 Saepe
764 640 948 713 Deos
977 668 993 727 ;
1032 669 1423 742 causamque
1454 641 1574 715 viae
1607 642 2000 715 scitantibus
2027 641 2217 716 infit:
2273 739 2278 744 ι

544 787 580 818 «
619 754 934 850 Quaeritis
954 811 973 842 ‚
1013 754 1311 829 aethereis
1345 784 1546 857 quare
1580 758 1808 853 regina
1839 760 2139 832 Deorum

540 903 580 936 2>
620 870 906 945 Sedibus
941 871 1074 943 huc
1103 871 1363 945 adsim?
1389 900 1517 973 pro
1549 902 1652 947 me
1687 891 1870 947 tenet
1903 872 2108 948 altera
2143 871 2394 947 caelum.

539 1018 577 1050 2»
614 987 934 1075 Mentiar,
971 987 1330 1061 obscurum
1360 986 1490 1062 nisi
1523 1017 1656 1062 nox
1695 1017 1900 1089 quum
1933 988 2163 1063 fecerit
2195 988 2430 1064 orbem
2450 1045 2470 1078 ‚

534 1133 574 1166 »
616 1103 845 1202 Nuper
877 1102 1234 1178 honoratas
1273 1131 1566 1191 summo,
1603 1133 1749 1179 mea
1780 1103 2087 1194 vulnera,
2123 1104 2285 1179 caelo

2568 1129 2664 1182 515

539 1258 576 1290 »
614 1226 932 1300 Videritis
972 1226 1192 1301 stellas
1229 1226 1397 1316 illic,
1434 1229 1559 1302 ubi
1587 1228 1871 1304 circulus
1908 1258 2092 1304 axem

540 1381 580 1413 2»
620 1348 916 1423 Ultimus
950 1367 1312 1423 extremum
1344 1351 1695 1451 spatioque
1725 1347 2152 1425 brevissimus
2178 1352 2410 1426 ambit.

536 1502 575 1534 2»
613 1472 739 1543 Est
770 1499 956 1557 vero,
994 1497 1112 1545 cur
1146 1472 1294 1571 quis
1327 1474 1667 1546 Junonem
1704 1472 1937 1546 laedere
1966 1471 2177 1561 nolit,

536 1623 573 1656 »
614 1591 1090 1693 Offensamque
1127 1611 1392 1682 tremat,
1428 1621 1574 1694 quae
1607 1593 1864 1694 prosim
1899 1592 2043 1667 sola
2074 1593 2384 1668 nocendo
2412 1597 2445 1668 ?

530 1815 585 1858 et
617 1803 791 1858 Vestae
823 1804 928 1858 filia
964 1805 1118 1859 fuisse
1156 1805 1377 1872 dicitur,
1416 1825 1547 1860 umor

532 1884 735 1938 Oceani
760 1905 817 1939 ac
839 1885 1068 1938 Junonis
1093 1885 1269 1938 nutrix
1286 1925 1302 1949 ,
1338 1886 1547 1938 multo-

528 1981 754 2031 rumque
774 1962 1013 2015 Deorum
1031 1972 1202 2015 mater
1217 2001 1233 2028 ,
1253 1961 1393 2015 unde
1411 1963 1460 2015 ei
1474 1973 1546 2015 at·

529 2061 631 2112 que
658 2040 878 2096 Oceano
901 2060 1091 2112 magna
1106 2041 1418 2094 reverentia.
1444 2042 1544 2094 Ed.

527 2147 593 2159 ·—
609 2121 771 2173 Senes
796 2118 1042 2175 Oceanus
1064 2119 1282 2190 fingitur
1305 2120 1464 2173 etiam
1489 2120 1546 2171 in

526 2198 890 2251 monumentis
922 2198 1148 2267 antiquis
1191 2217 1204 2251 ε
1241 2197 1358 2250 vide
1392 2197 1546 2251 Gro-

528 2276 768 2343 novium,
782 2276 846 2329 ad
860 2276 1080 2342 Melam,
1092 2275 1176 2329 iib.
1188 2277 1294 2342 111,
1315 2295 1331 2328 ι
1343 2314 1358 2341 ,
1373 2276 1544 2342 initio,

526 2355 618 2408 ubi
648 2355 845 2427 effigies
874 2357 987 2424 ejus
1012 2375 1263 2425 expressa.
1300 2354 1546 2408 Omnino

524 2433 617 2487 Dii
637 2436 829 2488 marini
847 2454 997 2488 senes
1016 2434 1344 2487 habebantur
1359 2474 1373 2499 ,
1399 2433 1544 2487 unde

524 2532 658 2565 cana
700 2515 898 2582 Tethys.
933 2511 1188 2565 Senectus
1225 2511 1361 2581 parit
1396 2530 1546 2564 reve-

522 2600 763 2656 rentiam,
793 2613 895 2663 qua
918 2593 991 2647 ἰΙΙί
1011 2592 1156 2647 Deos
1173 2600 1396 2656 movent,
1428 2592 1544 2645 im-

523 2671 755 2742 pellunt,
780 2682 842 2724 ut
863 2671 927 2725 ab
947 2672 1067 2741 ipsis
1082 2672 1328 2724 auxilium
1347 2682 1545 2741 petant.

593 2754 705 2804 512.
724 2753 959 2804 Deorum.
981 2750 1116 2803 Tres
1138 2748 1386 2815 Codices,
1407 2752 1546 2804 Dea-

524 2847 664 2890 mm,
704 2846 813 2880 non
851 2826 1183 2896 improbante
1213 2826 1545 2879 BurmannO.

526 2932 592 2944 -
617 2907 837 2958 Deorum
855 2904 993 2956 bene
1016 2922 1078 2957 ex
1103 2901 1385 2957 Codieibus
1407 2923 1545 2958 nos-

526 2983 620 3042 tris
644 2984 820 3054 Regiis
839 3021 855 3050 ‚
896 3001 1021 3035 nam
1044 2981 1193 3034 Juno
1227 2991 1338 3034 erat
1361 2982 1545 3051 regina

524 3059 783 3114 Deorum.
800 3062 981 3114 Ed.-
1004 3063 1346 3127 Qucum-etc.
1361 3061 1425 3113 In
1448 3059 1545 3113 hac

525 3138 763 3192 oratione
790 3140 940 3193 Juno
964 3140 1127 3211 magis
1154 3138 1296 3194 doiet
1318 3160 1373 3194 se
1396 3160 1544 3211 spre-

523 3229 637 3273 tam
656 3259 672 3286 ,
714 3240 873 3289 quam
897 3223 1155 3278 adulterio
1175 3222 1412 3294 conjugis
1442 3222 1544 3276 lae-

523 3318 670 3366 sam;
702 3300 843 3354 furta
873 3302 1159 3374 enim-ejus
1178 3343 1193 3370 ,
1232 3302 1418 3373 quibus
1450 3301 1544 3354 diu

525 3376 738 3431 adsueta
770 3375 864 3447 (1,
906 3379 1063 3445 606),
1102 3380 1279 3433 minus
1312 3377 1542 3433 curabat.

523 3454 612 3506 Ira
646 3465 825 3509 autem
866 3473 927 3506 ex
961 3465 1235 3509 contemtu
1268 3457 1405 3509 bene
1440 3475 1542 3509 ex-

522 3550 713 3600 pressa.
725 3532 862 3585 Satis
876 3530 1128 3583 invidiose
1142 3533 1318 3585 statim
1328 3533 1382 3585 in
1402 3532 1545 3602 prin·

523 3609 661 3678 cipio
686 3610 840 3663 irruit
862 3610 917 3661 in
938 3628 1082 3676 rem,
1100 3629 1197 3676 pro
1222 3630 1299 3663 me
1317 3618 1451 3665 lene!
1465 3615 1544 3664 al-

521 3692 660 3748 tera,
689 3686 817 3751 alia,
836 3690 1037 3747 celum,
1063 3695 1123 3737 ut
1143 3687 1249 3750 lx,
1281 3688 1372 3755 146
1393 3708 1406 3741 ε
1427 3690 1544 3741 tha-

521 3765 687 3814 lamos
718 3768 853 3813 lene!
869 3767 1032 3814 altera
1060 3771 1271 3817 τεο-τίνω.
1303 3764 1506 3819 Seneca
1525 3806 1542 3833 ,

523 3837 768 3896 Herculis
795 3839 921 3891 Fur.
944 3839 1096 3892 initio
1115 3880 1130 3906 ,
1169 3842 1259 3893 ubi
1285 3842 1540 3895 Nostrum

523 3922 764 3978 imitatur
787 3939 800 3972 :
816 3922 1030 3988 pellices
1052 3923 1227 3973 celum
1249 3927 1432 3973 tenent.

586 4003 701 4069 514.
737 3999 988 4061 Mente‘ar,
1027 4017 1138 4051 non
1173 3998 1271 4051 nisi
1308 3998 1364 4051 in
1396 4018 1540 4067 uno,

525 4078 671 4133 unde
690 4077 940 4133 Heinsius
966 4077 1175 4147 recepit.
1199 4076 1375 4145 AEque
1402 4086 1542 4129 recte

526 4159 700 4217 caeteri
728 4177 915 4213 omnes
932 4199 949 4226 ,
977 4161 1200 4211 mentior.
1226 4153 1365 4209 Vide
1390 4154 1542 4207 Bur-

1643 1825 1920 1863 mannum.
1941 1837 2008 1849 —
2028 1809 2251 1862 Mentior
2270 1808 2468 1864 babent
2497 1812 2661 1867 nostri

1648 1888 1870 1942 Codices
1886 1889 1932 1941 A
1949 1899 2002 1941 et
2021 1890 2081 1942 Β.
2102 1888 2184 1942 De
2201 1890 2372 1942 forma
2388 1890 2654 1961 loquendi,

1642 1971 1856 2018 mentiar
1865 1977 1953 2018 aut
1966 1971 2187 2026 mentior,
2213 1972 2277 2029 si,
2295 1967 2377 2019 vel
2395 1973 2521 2030 nisi,
2539 1968 2657 2021 vide

1645 2043 1928 2096 Heinsium
1964 2041 2031 2095 ad
2066 2042 2183 2110 111,
2221 2064 2349 2113 271,
2389 2055 2444 2098 et
2478 2048 2657 2100 Burin.

1643 2122 1707 2175 ad
1727 2123 1869 2176 hunc
1893 2122 2065 2175 locum
2083 2162 2098 2188 ,
2127 2122 2217 2191 qui
2241 2122 2419 2177 laudat
2437 2125 2658 2179 Homer.

1643 2200 1763 2256 ILK
1781 2241 1797 2267 ‚
1825 2200 1921 2267 534
1945 2218 1957 2252 :
1978 2204 2205 2269 ψεύσομαι
2234 2202 2257 2261 ἦ
2287 2205 2450 2268 ’ἔτυμον
2474 2206 2597 2278 ipio».

1709 2281 1820 2333 515.
1837 2279 2020 2345 Nuper.
2037 2276 2229 2330 Monet
2245 2277 2517 2333 Schirach.
2543 2299 2657 2334 con·

1642 2365 1722 2410 tra
1755 2354 2057 2409 Gesnerum
2076 2396 2091 2421 ,
2142 2374 2203 2409 ex
2231 2355 2330 2410 hoc
2365 2357 2482 2411 loco
2511 2378 2664 2426 nuper

1641 2454 1753 2488 non
1779 2435 1940 2487 modo
1963 2434 2027 2487 ad
2054 2454 2261 2488 menses
2285 2445 2339 2488 et
2364 2435 2476 2489 dies
2500 2436 2654 2508 (adde

1642 2513 1707 2567 ad
1746 2531 1911 2566 annos
1944 2523 1997 2565 et
2032 2513 2204 2566 secula
2238 2512 2392 2579 adeo)
2436 2514 2622 2567 referri
2642 2554 2657 2581 ,

1640 2592 1731 2647 sed
1755 2592 1914 2646 etiam
1932 2632 1947 2658 ,
1966 2601 2025 2644 ut
2047 2592 2275 2646 hocloco
2289 2631 2304 2657 ,
2323 2591 2389 2645 ad
2404 2592 2576 2648 boras.
2595 2622 2659 2633 -

1651 2675 1872 2733 Vulnus,
1903 2671 1993 2740 qui
2014 2669 2222 2724 dolores
2246 2670 2393 2723 alteri
2414 2681 2573 2724 creat.
2598 2699 2662 2710 -

1639 2752 1934 2803 Honoratus
1945 2752 2124 2801 stellas
2134 2790 2147 2810 ,
2168 2748 2222 2801 in
2243 2767 2531 2801 numerum
2548 2753 2662 2802 sle!-

1638 2832 1799 2882 Iarum
1832 2838 2097 2897 receptos,
2124 2838 2278 2896 atque
2315 2826 2450 2880 adeo
2479 2831 2664 2880 honor:-

1641 2905 1820 2959 divino
1836 2907 2129 2959 affectos.—
2140 2906 2341 2958 Summo
2354 2907 2496 2962 celo.
2515 2905 2660 2974 juxta

1639 2981 1821 3052 polum
1838 3020 1853 3047 ,
1882 2980 1971 3050 qui
1998 2981 2222 3034 maxime
2248 2980 2474 3034 elevatus
2498 3000 2660 3050 supra

1640 3060 1930 3114 finitorem.
1954 3059 2117 3114 Hunc
2135 3060 2298 3113 ambit
2321 3059 2549 3114 circulus
2568 3080 2661 3130 po-

1638 3138 1758 3193 laris
1790 3178 1806 3207 ,
1858 3139 1982 3209 qui,
2033 3148 2093 3192 ut
2130 3157 2158 3191 e
2203 3138 2418 3209 sphera
2453 3139 2659 3192 ratione

1638 3228 1824 3288 sponte
1848 3217 2155 3287 inteliigitur
2171 3257 2187 3284 ‚
2224 3219 2416 3269 brevior
2441 3226 2523 3269 est
2557 3235 2656 3270 et·

1637 3297 1778 3350 teris.
1810 3295 1980 3350 Docte
2004 3313 2128 3348 cum
2153 3293 2488 3348 Astronomis
2511 3293 2658 3347 Juno

1636 3374 1888 3445 loquitur.

1705 3460 1814 3523 517.
1838 3455 2028 3508 Ambit.
2053 3450 2342 3518 Nonnulli,
2359 3457 2498 3518 exit,
2516 3450 2658 3521 quod

1637 3531 1863 3585 Heinsio
1895 3541 2177 3584 venustum
2215 3529 2448 3583 videtur.
2489 3527 2659 3582 Unde

1635 3629 1764 3663 vero
1795 3609 1881 3662 illa
1903 3605 2187 3662 venustas?
2229 3605 2475 3660 Cis-culus
2507 3626 2659 3660 axem

1636 3707 1746 3741 non
1776 3693 1905 3751 exit,
1931 3685 2025 3740 sed
2048 3684 2498 3740 arabia—Nostri
2524 3684 2660 3738 Cod.

1635 3769 1811 3820 ambil.

1703 3847 1815 3899 518.
1853 3844 1992 3898 Vem.
2020 3843 2163 3898 Cum
2189 3843 2555 3915 indignatione
2577 3842 2663 3895 in-

1636 3923 1948 3993 terrogantis
1964 3933 2057 3977 est.
2075 3950 2143 3962 —
2164 3924 2409 3975 Iunonem
2422 3962 2436 3982 ,
2465 3939 2587 3975 cum
2607 3921 2664 3972 vi

1636 4018 1733 4068 pro
1756 4020 1845 4053 me.
1877 4000 2022 4071 Virg.
2043 3999 2172 4053 AEn.
2199 4000 2224 4052 1
2241 4040 2257 4065 ,
2284 4001 2347 4067 48
2377 4019 2390 4052 :
2416 4001 2492 4052 ΕΙ
2518 4003 2668 4067 quir-

1633 4097 1780 4145 quaetn
1791 4098 1969 4131 numen
1977 4080 2197 4131 Junomtr
2209 4081 2386 4131 adom!
2392 4079 2663 4136 Praeterea,

1637 4161 1732 4206 au!
1746 4159 1957 4222 supplet
1976 4161 2084 4208 areli·
2104 4162 2331 4223 Imponat
2349 4158 2579 4208 honorem
2592 4159 2629 4208 ?
