2975 4784
730 18 749 138 l

557 427 690 496 DE
749 427 1090 495 OPERE
1139 426 2218 497 METAMORPHOSEON.
2393 432 2467 499 15

318 565 728 669 Polyphemi
752 567 946 654 XIII,
971 564 1113 666 789
1133 593 1308 667 sqq.,
1329 564 1763 640 Theocritum
1781 585 1928 641 ante
1945 564 2182 641 oculos
2203 564 2466 640 habuit.

314 696 671 774 Nonnulla
692 698 932 772 sumsit
950 697 1036 783 ab
1056 696 1379 798 Euripide
1401 727 1420 771 ε
1445 724 1662 799 neque
1691 715 1906 772 tamen
1928 699 2300 799 putandum
2329 718 2432 773 est
2445 756 2466 787 ,

316 859 564 933 presso
599 859 750 905 eum
789 829 961 931 pede
997 846 1301 903 auctores
1335 827 1495 902 illos
1527 847 1828 904 secutum
1866 858 2006 906 esse
2030 887 2049 920 ,
2087 832 2204 906 sed
2236 833 2328 905 ita
2355 860 2471 906 eos

318 962 618 1062 respexit
640 1017 660 1048 ,
709 978 787 1034 ut
818 960 1040 1034 solent
1091 958 1403 1062 praeclara
1451 962 1721 1058 ingenia
1775 962 2060 1036 aliorum
2107 964 2369 1038 inventa
2400 965 2475 1037 in

322 1123 528 1169 suum
561 1122 762 1167 usum
796 1109 1197 1169 convertere.
1226 1095 1307 1166 In
1330 1092 1739 1194 Tisiphones
1764 1092 2003 1167 habitu
2039 1093 2474 1169 describendo

324 1228 449 1314 lv,
471 1223 651 1318 480,
673 1224 1078 1299 concertavit
1095 1248 1245 1297 eum
1270 1222 1580 1317 Virgilio,
1607 1252 1890 1325 eumque
1914 1225 2081 1300 adeo
2104 1227 2479 1327 superavit:

325 1375 395 1431 et
429 1387 579 1459 quae
612 1355 725 1432 ille
764 1358 843 1431 de
876 1356 1124 1431 lumine
1162 1385 1285 1459 per
1329 1373 1572 1430 terram
1615 1355 1836 1432 fissam
1884 1359 1959 1431 in
1996 1376 2240 1432 tartara
2270 1387 2478 1461 pene-

331 1506 551 1563 trante
597 1489 820 1563 obiter
860 1506 1153 1576 tantum,
1202 1488 1718 1589 comparationis
1751 1498 1952 1563 causa
1977 1545 1997 1577 ,
2046 1489 2303 1564 dixerat
2329 1546 2350 1579 ,
2405 1520 2481 1564 ea

326 1623 586 1695 Noster
607 1623 693 1710 V,
727 1620 867 1694 356
889 1650 1036 1724 sqq.
1052 1678 1072 1710 ,
1098 1619 1315 1695 multo
1337 1620 1579 1695 melius
1603 1649 1755 1694 cum
1776 1622 2104 1710 Homero,
2136 1622 2254 1723 qui
2281 1622 2478 1697 etiam

330 1751 630 1849 Virgilio
677 1754 1056 1854 praeiverat,
1095 1753 1420 1828 adhibuit.
1456 1755 1829 1854 superatur
1859 1753 2127 1855 quidem
2162 1755 2337 1843 ΧΠ,
2393 1780 2477 1826 12

332 1912 475 1985 sqq.
493 1942 513 1973 ,
546 1885 621 1958 in
642 1883 880 1959 -sahula
900 1885 981 1960 de
1007 1885 1286 1960 dracone
1316 1885 1387 1958 in
1413 1882 1701 1987 lapidem
1723 1903 1988 1977 mutato
2012 1887 2099 1962 ab
2128 1888 2429 1961 Homero
2450 1916 2469 1976 3

333 2016 448 2090 sed
492 2019 702 2106 VIII,
743 2015 887 2118 738
913 2073 933 2105 ,
968 2018 1042 2090 in
1071 2018 1545 2092 Erisichthoue
1591 2017 1896 2092 notando
1930 1988 2238 2118 superior
2271 2017 2479 2092 Calli-

334 2147 573 2220 macho
590 2205 610 2236 ,
648 2166 821 2223 certe
844 2178 986 2223 non
1015 2149 1335 2237 deterior,
1368 2148 1719 2249 reperitur.
1749 2147 2046 2220 Laudem
2070 2147 2279 2241 igitur
2307 2165 2376 2220 et
2404 2148 2476 2220 in

336 2277 489 2353 aliis
519 2280 824 2355 irniimdis
862 2300 1154 2357 meretur
1190 2312 1208 2356 ε
1244 2307 1462 2381 neque
1497 2308 1655 2353 vero
1692 2277 2046 2351 irwenubmk
2080 2275 2293 2371 gloria
2322 2304 2474 2352 eum

332 2412 643 2488 fraudare
678 2414 883 2489 decet.
918 2416 1187 2489 Etenim
1224 2442 1370 2515 quae
1405 2412 1488 2486 ad
1514 2409 1798 2485 aliorum
1822 2408 2263 2482 imitationem
2294 2436 2475 2481 com-

332 2547 595 2646 posuit,
629 2574 705 2620 ea
736 2547 1077 2621 minimam
1116 2543 1509 2646 amplissimi
1545 2542 1769 2644 operis
1810 2540 2012 2640 hujus
2042 2556 2301 2642 partem
2337 2537 2480 2613 effi·-

333 2676 519 2750 ciunt
540 2733 560 2765 ,
599 2706 809 2779 quum
831 2678 1178 2751 innumera
1196 2675 1344 2749 loca
1360 2675 1560 2749 variis
1583 2673 1948 2747 virtutibus
1975 2671 2213 2746 eximia
2232 2727 2250 2758 ,
2278 2672 2477 2745 innu-

333 2836 511 2882 mera
545 2806 897 2904 figmenta,
932 2808 1237 2912 plurimae
1266 2803 1846 2907 amplificationes,
1889 2801 2310 2891 notatioueS,
2357 2802 2476 2877 de-

336 2940 759 3041 scriptiones,
773 2939 1270 3041 dispositiones,
1286 2936 1778 3023 similitudines,
1808 2934 2066 3037 aliaque
2091 2954 2476 3010 ornamenta

339 3073 513 3163 sint,
544 3074 731 3177 quod
760 3074 1044 3148 sciamus
1072 3130 1092 3162 ,
1126 3072 1341 3174 ipsius
1376 3071 1625 3146 Ovidii.
1687 3071 1904 3143 Famae
1938 3069 2476 3170 prosopopoeiam

340 3232 757 3280 communem
789 3205 1053 3306 quidem
1073 3233 1224 3280 cum
1244 3202 1532 3299 Virgilio
1557 3202 1798 3288 habet3
1834 3200 1948 3275 sed
1976 3202 2045 3274 in
2069 3231 2141 3276 ea
2165 3202 2477 3298 fingenda

337 3362 536 3409 suum
571 3337 916 3433 ingenium
948 3352 1215 3410 secutus
1238 3351 1341 3409 est
1364 3389 1384 3422 ,
1414 3331 1598 3434 quod
1626 3348 1695 3405 e't
1723 3331 1794 3404 in
1817 3331 2034 3405 Famis
2055 3387 2075 3420 ,
2108 3332 2380 3405 Invidiae
2410 3348 2478 3405 et

339 3467 572 3541 Somni
600 3470 915 3569 personis
937 3468 1329 3566 effingendis
1360 3468 1433 3539 in
1466 3494 1773 3560 magnam
1801 3494 1986 3540 suam
2016 3465 2277 3540 laudem
2295 3464 2473 3537 fecit.

336 3601 666 3701 Lycaonis
700 3600 1107 3702 impietatem
1129 3620 1196 3675 et
1216 3627 1479 3702 poenam
1500 3627 1640 3672 non
1663 3599 1804 3700 ipse
1825 3599 2027 3674 refert
2045 3654 2065 3685 ,
2103 3597 2218 3672 sed
2243 3600 2286 3670 J
2288 3624 2478 3670 ovem

332 3748 713 3805 narrantem
736 3732 1014 3807 inducit.
1051 3732 1181 3807 Hic
1217 3731 1425 3828 igitur
1448 3729 1631 3805 haud
1662 3729 1864 3803 dubie
1888 3729 2031 3831 ipse
2057 3755 2196 3801 rem
2224 3727 2315 3801 ita
2340 3726 2480 3799 dis-

333 3863 609 3966 posuit,
640 3883 721 3939 ut
754 3864 896 3940 caeli
926 3866 1217 3962 regiam,
1255 3882 1654 3939 conventum
1697 3864 1995 3937 Deorum
2017 3918 2037 3950 ,
2094 3860 2283 3933 Jovis
2308 3885 2480 3959 prae-

334 3996 585 4071 sidium
618 3996 827 4070 nobis
852 4015 1005 4073 ante
1041 3994 1272 4070 oculos
1305 4013 1623 4096 poneret,
1659 3995 2003 4095 eidemque
2045 3994 2193 4065 Deo
2228 3987 2479 4062 oratio-

336 4156 490 4203 nem
510 4130 847 4204 tribueret
866 4127 1385 4217 disertissimam,
1407 4128 1517 4202 cui
1533 4126 1758 4201 fabula
1777 4126 1857 4199 de
1879 4128 2185 4222 Lycaone
2198 4120 2472 4203 intexta.
