2975 4784
675 344 1700 416 METAMORPHOSEON
1756 346 1946 414 LIB.
2007 349 2117 413 ΙΙ.

2337 374 2461 444 ¹79

340 492 635 567 Ulterius
664 491 889 565 medio
920 489 1208 591 spatium
1243 488 1351 562 sol
1380 488 1555 563 altus
1578 488 1905 576 habebat3

342 613 571 709 Quum
606 609 795 685 subit
825 607 940 682 illa
968 635 1202 682 nemus
1222 663 1242 695 ‚
1282 606 1466 707 quod
1498 603 1682 678 nulla
1713 605 2033 681 ceciderat
2063 625 2235 684 aetas,

342 728 549 802 Exuit
579 726 692 801 hic
721 725 1001 798 humero
1035 723 1443 824 pharetram,
1481 720 1834 821 lentosque
1867 722 2153 796 retendit

344 844 597 931 Arcus;
634 843 836 941 inque
872 836 1053 925 solo,
1097 837 1278 938 quod
1315 854 1565 911 texerat
1592 835 1831 923 herba,
1863 837 2158 936 jacebat;

2368 864 2470 931 420

346 961 435 1032 Et
466 958 712 1059 pictam
745 954 966 1057 posita
997 953 1376 1055 pharetram
1410 952 1658 1027 cervice
1693 952 2055 1052 premebat.

347 1076 614 1177 Jupiter
634 1091 727 1147 .ut
757 1071 926 1146 vidit
952 1071 1221 1160 fessam,
1256 1086 1322 1142 et
1348 1063 1631 1143 =custode
1663 1085 2030 1157 vacantem,

354 1226 389 1258 α
431 1194 586 1265 Hoc
618 1208 793 1264 certe
829 1188 1074 1287 conjux
1100 1185 1360 1260 furtum
1390 1210 1538 1257 mea
1569 1182 1850 1271 nesciet,
1881 1184 2135 1284 inquit;

356 1340 389 1372 »
428 1307 571 1381 Aut
601 1306 660 1378 si
693 1302 1027 1390 rescierit3
1061 1318 1222 1375 sunt
1250 1328 1324 1387 o,
1360 1315 1520 1371 sunt
1548 1298 1766 1397 jurgia
1800 1302 2021 1374 tanti?
2053 1336 2087 1366 ι»

350 1422 668 1496 Protinus
703 1417 1004 1491 induitur
1036 1413 1269 1488 faciem
1299 1411 1684 1514 cultumque
1718 1416 1984 1492 Dianae:

350 1612 503 1668 siodo
520 1651 536 1678 ,
554 1630 589 1663 a
603 1628 819 1679 quaten
839 1609 1267 1661 mediocriteresse
1282 1603 1367 1653 di·-

353 1696 539 1745 lectam
563 1695 760 1755 propter
783 1688 1035 1752 utriusque
1065 1683 1371 1734 constituite&

354 1775 625 1830 Μίνως
646 1763 701 1818 11
714 1765 851 1818 Fast.
876 1768 964 1831 ¹⁵7
986 1800 1001 1827 ‚
1027 1760 1200 1814 Diana
1215 1777 1334 1812 eam
1351 1797 1368 1825 ,

355 1856 635 1917 postquam
650 1843 817 1911 jurata
830 1859 988 1912 perpe
995 1848 1139 1891 tuam
1154 1836 1374 1907 virgini-

356 1936 523 1981 tatem
560 1920 867 1993 promiserat
883 1959 898 1986 ,
932 1916 1222 1988 principem
1250 1914 1373 1970 facit

359 2002 632 2057 comitum.
656 1997 911 2067 Sequitur
936 1995 1197 2049 sententia
1219 2011 1369 2059 vera,

358 2080 499 2134 unde
518 2079 688 2132 lector
708 2076 906 2130 exitum
925 2075 1003 2126 rei
1022 2072 1254 2125 divinare
1276 2091 1375 2140 po-

363 2168 478 2212 test.
500 2157 596 2210 Est
615 2164 794 2208 autem
803 2157 1032 2219 potentia
1050 2151 1212 2222 gratia
1227 2188 1242 2215 ,
1271 2167 1375 2218 qua

363 2238 593 2291 valemus
615 2234 757 2307 apud
780 2233 921 2286 alios.

426 2322 486 2385 kx
498 2340 541 2387 7.
590 2319 816 2370 Ulterius
847 2317 1009 2367 medio
1038 2317 1258 2381 spalimn
1298 2314 1385 2364 sol

361 2399 610 2460 babebat,·
633 2396 747 2466 jam
761 2391 1040 2446 meridiem
1056 2389 1380 2460 pertransie-

360 2486 457 2528 rat.
473 2477 678 2527 Habere
687 2476 907 2540 spatium
920 2511 934 2532 ‚
959 2467 1086 2522 illud
1101 2485 1378 2521 emensum

364 2575 470 2611 ene
495 2572 691 2617 (ται-ειη
716 2552 772 2606 11
787 2588 803 2617 ‚
829 2552 966 2605 Fast.
994 2550 1116 2616 154:
1143 2549 1381 2614 Autptns

362 2642 453 2688 ant
465 2637 685 2688 nediu!
705 2633 817 2684 sote
836 2635 1029 2683 tenente
1050 2630 1195 2680 diem
1214 2625 1280 2678 B.
1314 2653 1383 2667 —

365 2714 618 2764 Habebat.
631 2707 763 2761 Duo
773 2708 963 2774 agebat
972 2743 987 2767 ‚
1006 2702 1147 2773 quod
1161 2720 1270 2755 non
1286 2701 1384 2754 im-

366 2789 551 2858 probat
567 2788 1004 2842 Burmannus.-
1014 2779 1196 2834 Nostri
1210 2775 1383 2831 Codd.

365 2869 599 2919 babebat.
614 2892 683 2904 -
700 2864 973 2916 Ceciderat.
989 2859 1186 2914 Noster
1201 2853 1385 2908 Codex

370 2943 499 3013 Reg.
537 2942 584 2994 B
602 2979 618 3006 ,
658 2941 904 2992 reciderat
924 2975 940 2997 ‚
980 2944 1035 2987 et
1062 2951 1220 3001 supra
1249 2951 1280 2984 a
1309 2950 1386 2984 se-

369 3018 541 3072 cunda
566 3034 733 3070 manu
751 3055 768 3083 ,
801 3015 1073 3067 exciderat.
1096 3009 1197 3063 Ed.
1228 3035 1297 3048 -·-
1319 3006 1385 3059 In

372 3096 524 3150 sacris
541 3092 853 3148 nemoribus
876 3100 931 3143 et
951 3088 1166 3143 vetustis
1187 3104 1298 3138 non
1320 3082 1389 3136 li-

375 3175 523 3228 cebat
548 3174 762 3227 arbores
781 3167 999 3223 cedere.
1024 3164 1108 3219 Cf.
1135 3165 1251 3230 111,
1292 3164 1388 3227 283

378 3249 545 3317 VIII,
564 3251 698 3322 3293
728 3247 810 3301 IV
836 3245 976 3298 Fast.
996 3243 1112 3313 649.
1133 3239 1264 3294 Tale
1282 3238 1393 3308 igi-

374 3337 464 3381 tur
471 3347 664 3382 nemus
676 3324 903 3378 densum
914 3331 993 3374 est
1004 3329 1058 3373 et
1068 3317 1393 3372 umbrosum.

438 3411 554 3478 419.
581 3409 760 3459 Exuit.
784 3402 990 3457 Ornate
1009 3395 1285 3468 :depositis
1308 3414 1396 3448 ar·-

370 3488 475 3540 mis
513 3485 669 3539 humi
694 3482 908 3554 quievit.
932 3509 999 3521 —
1030 3480 1244 3540 lentos,
1272 3495 1302 3530 e
1330 3475 1399 3527 li-

370 3583 481 3635 gno
501 3561 733 3616 flexibili.
751 3587 819 3602 -
855 3561 1008 3625 Quod
1034 3563 1228 3611 texerat
1245 3556 1400 3608 herba

371 3640 682 3711 exquisitius
707 3655 868 3708 quam
887 3676 904 3704 ,
930 3635 1186 3702 herboso;
1213 3632 1401 3688 admo-

370 3729 470 3772 net
484 3718 635 3772 enim
646 3733 749 3769 nos
758 3753 776 3782 ,
796 3714 1016 3767 herbam
1028 3713 1165 3767 vices
1177 3709 1402 3765 vestium

370 3798 733 3868 stragularum
762 3794 1069 3865 prestitisse.
1094 3794 1401 3856 Vernantes,

2376 1440 2480 1509 425

1467 1611 1750 1670 argentove
1769 1641 1785 1668 ‚
1825 1613 1965 1657 certe
1991 1603 2147 1657 ebore
2180 1616 2270 1659 aut
2301 1626 2484 1662 cornu.

1464 1704 1534 1718 —-
1572 1681 1756 1732 Posito
1769 1721 1784 1742 ,
1819 1681 2174 1736 recumbente.
2202 1711 2272 1724 -
2305 1687 2487 1738 Custos

1464 1767 1639 1824 potest
1662 1758 1917 1812 arbitrum
1942 1759 2231 1830 significare
2251 1801 2267 1828 ,
2292 1773 2354 1814 ut
2376 1782 2488 1816 cns—

1467 1838 1584 1888 tode
1613 1835 1806 1889 ducam
1839 1837 1906 1890 sit
1945 1836 2088 1890 idern
2117 1858 2274 1907 quam
2296 1878 2310 1904 ‚
2354 1841 2449 1907 544
2470 1880 2485 1907 ,

1466 1917 1796 1967 inobservata.
1829 1913 1936 1967 sed
1963 1916 2122 1968 etiam
2145 1917 2410 1986 virginum
2436 1929 2491 1970 et

1464 2001 1757 2059 nuptarum
1773 1990 2015 2045 custodes
2031 2003 2184 2046 erant
2199 2012 2213 2045 ε
2231 1994 2284 2046 11
2301 1995 2490 2047 Amor.

1471 2085 1559 2132 xv,
1588 2069 1664 2121 23.
1691 2067 2000 2122 Petulanter
2033 2070 2345 2138 loquentem
2380 2072 2489 2123 Jo-

1471 2163 1593 2198 vem
1619 2146 1839 2200 inducit.

1539 2227 1651 2290 424.
1688 2225 1818 2278 Sunt
1845 2244 1877 2277 o
1890 2264 1906 2287 ,
1955 2232 2079 2277 suat
2091 2225 2272 2294 jurgia
2307 2232 2447 2279 tanti
2468 2233 2494 2271 Ρ

1476 2297 1660 2353 Codex
1685 2300 1883 2368 Regius
1901 2300 1947 2352 B
1961 2340 1976 2366 ,
2000 2308 2143 2360 sunt,
2165 2320 2197 2353 o
2218 2307 2308 2354 tua
2316 2302 2496 2368 jurgia

1473 2382 1621 2428 tanti.
1651 2375 1791 2444 Quoe
1807 2376 1923 2429 lect.
1941 2395 2049 2429 non
2068 2375 2351 2445 rejicienda
2365 2378 2498 2432 mihi

1475 2451 1685 2507 ‘videtur
1698 2475 1712 2518 ;
1726 2453 1920 2508 scilicet
1935 2453 2228 2522 hocsurtum
2247 2475 2359 2506 mea
2373 2475 2498 2508 con-

1464 2533 1570 2599 jux
1599 2541 1729 2587 certe
1760 2539 1951 2587 nesciet
1977 2554 1994 2586 e
2018 2536 2097 2588 sac
2121 2544 2297 2587 tamen
2322 2534 2373 2587 id
2407 2555 2497 2586 re-

1475 2616 1667 2676 scierit‚·
1678 2631 1710 2664 0
1717 2631 1863 2675 uxor,
1875 2620 2055 2665 suntne
2061 2620 2154 2666 tua
2146 2613 2330 2681 jurgia
2339 2618 2502 2670 tanti?

1480 2700 1567 2751 Quo
1581 2698 1809 2751 m't'mpone
1815 2725 1830 2746 ,
1844 2699 1871 2736 d
1884 2697 2060 2751 capric,
2073 2705 2119 2735 ta
2131 2697 2284 2748 jalam
2298 2697 2470 2748 qur-eth
2479 2697 2502 2735 7

1479 2770 1724 2823 Vividior
1739 2788 1864 2824 sane
1883 2769 1980 2824 ista
1996 2770 2309 2839 apostrophe
2325 2792 2339 2834 ;
2359 2780 2411 2823 et
2428 2771 2502 2824 ita

1480 2846 1721 2918 intelligit
1749 2850 1939 2916 Gierie.
1978 2845 2114 2900 Vide
2153 2867 2265 2916 sqq.
2302 2850 2402 2900 Ed.
2434 2876 2500 2888 —

1488 2928 1651 2978 Tanti
1658 2946 1770 2980 esse
1789 2924 2056 2994 dicuntur,
2075 2945 2191 2996 quae
2205 2935 2315 2979 tam
2329 2925 2502 2996 gravia

1479 3014 1604 3057 sunt
1622 3045 1637 3066 ,
1663 3014 1725 3059 ut
1738 3023 1928 3060 eorum
1943 3024 2097 3059 causa
2112 3003 2309 3075 aliquid
2331 3006 2412 3058 vel
2430 3006 2502 3058 sa·

1482 3085 1680 3137 ciamus
1707 3124 1724 3152 ,
1770 3084 1855 3138 vel
1897 3085 2219 3138 omittamus.
2267 3084 2504 3142 Suavitas

1486 3160 1728 3230 quedam
1743 3162 1880 3216 inest
1887 3162 1942 3215 in
1953 3162 2366 3234 interrogatione
2382 3164 2506 3218 etin

1487 3258 1611 3309 repe
1618 3238 1714 3293 tito
1726 3244 1860 3291 sunt.
1887 3238 2030 3292 Nota
2046 3240 2204 3293 etiarn
2220 3243 2319 3294 hoc
2328 3247 2476 3294 certe.

1555 3317 1667 3382 425.
1691 3315 1927 3366 Protinus
1947 3317 2172 3367 induitur
2187 3326 2284 3369 etc.
2304 3315 2509 3385 Vulga-

1491 3392 1563 3445 ris
1585 3400 1698 3444 erat
1724 3389 1935 3444 traditio
1955 3428 1971 3457 ,
2013 3389 2205 3444 Jovem
2230 3390 2508 3445 assimula—

1494 3482 1611 3524 tum
1651 3488 1760 3522 esse
1798 3467 2001 3522 Diana.
2035 3468 2147 3521 Alii
2183 3469 2468 3523 narrabant
2495 3510 2512 3538 ,

1495 3567 1622 3603 eum
1664 3545 1921 3617 Apollinis
1963 3547 2194 3600 sormam
2235 3547 2473 3602 sumsisse
2498 3568 2513 3602 ε

1498 3627 1615 3681 vide
1639 3625 1882 3697 Apollod.
1910 3623 2056 3680 Cum
2079 3626 2275 3680 Nostro
2297 3645 2515 3681 consen-

1500 3707 1564 3760 tit
1590 3716 1646 3760 et
1681 3704 1904 3774 Amphis
1939 3704 2076 3774 apud
2102 3703 2301 3777 Hygin.
2327 3707 2388 3759 P.
2415 3706 2514 3768 A.;

1497 3784 1591 3842 sed
1617 3784 1701 3837 ine
1723 3803 1820 3838 suo
1845 3783 2006 3840 modo
2030 3794 2375 3854 persequutus
2396 3794 2473 3837 est
2502 3803 2517 3837 ι

373 3875 445 3929 ad
460 3875 821 3929 imitationem
836 3872 956 3925 vitoe
968 3869 1225 3934 militaris,
1242 3868 1406 3936 quiea-
1501 3868 1918 3919 indm'tarcuttum
1935 3866 2121 3917 Diana·
2132 3904 2147 3926 ,
2170 3863 2399 3933 cingitur
2410 3863 2519 3916 ritu

373 3963 563 4008 centes
586 3975 591 3982 ·
608 3951 767 4021 capiti
822 3946 1188 4019 supponebant
1244 3964 1404 3998 arma.

1506 3943 1692 3996 Diana
1711 3982 1727 4009 ,
1753 3953 1807 3996 et
1828 3943 1988 3996 sumit
2013 3960 2196 3997 arcum
2219 3959 2340 3995 cum
2375 3937 2516 4006 pba-

376 4030 566 4086 cerda
592 4029 661 4082 ad
678 4027 867 4098 virgil.
895 4023 1113 4078 AEneid.
1130 4023 1241 4075 Vll
1259 4062 1275 4090 ,
1298 4024 1409 4088 450.
1507 4034 1663 4076 retra.
1687 4021 1771 4074 De
1785 4021 1865 4075 his
1877 4021 2035 4075 armis
2047 4024 2240 4078 cultus,
2262 4018 2420 4103 etiarn
2438 4013 2488 4065 X
2500 4051 2518 4080 ,

374 4135 450 4150 --
476 4111 688 4164 Pictam
709 4145 729 4171 ,
766 4105 1066 4166 distinctam
1087 4141 1105 4170 ‚
1148 4100 1250 4160 nisi
1284 4120 1414 4154 auro
1511 4106 1623 4168 517.
1649 4102 1797 4158 Arcu
1809 4110 1988 4153 autern
2005 4115 2166 4152 aureo
2178 4094 2393 4162 insigma
2409 4101 2521 4144 erat
