2975 4784
599 389 978 500 METAM
995 392 1474 462 ORPHOSE
1490 393 1626 461 ΟΝ
1674 397 1867 468 LIB.
1925 398 2075 464 111.

2257 400 2391 491 237

262 564 300 597 »
343 530 781 632 Propositum
817 547 1191 631 repetamus
1225 560 1397 632 opus
1425 561 1442 605 ε
1470 560 1648 608 nunc
1681 533 1979 609 Phoebus
2007 553 2290 637 utraque

262 680 301 712 ‚2
344 646 572 720 Distat
610 645 787 719 idem
825 662 1030 732 terra,
1065 643 1392 747 finditque
1422 647 1784 748 vaporibus
1816 678 1984 723 arva.

264 794 300 826 »
344 760 578 835 Sistite
607 788 781 862 opus
814 787 1136 860 praesenS,
1170 760 1557 863 nodosaque
1593 761 1804 837 tollite
1837 761 1992 839 lina.
2029 799 2064 832 »

258 884 465 958 Jussa
496 883 622 957 viri
652 882 941 970 faciunt,
978 882 1561 984 intermittuntque
1593 884 1908 959 laborem.
1989 951 1998 958 .

358 1004 572 1080 vallis
607 1022 780 1091 erat,
812 985 1051 1105 piceis,
1092 1021 1160 1077 et
1191 1021 1384 1078 acuta
1414 1005 1617 1080 densa
1648 1035 2010 1108 cupressu3
2306 1035 2399 1086 155

260 1128 551 1202 Nomine
590 1126 998 1227 Gargaphie,
1038 1125 1388 1200 succincta
1420 1153 1581 1201 cura
1609 1127 1889 1218 Dianae;

263 1252 475 1352 Cujus
510 1252 581 1324 in
615 1267 911 1325 extremo
946 1268 1047 1324 est
1079 1267 1345 1323 antrum
1373 1250 1706 1326 nemorale
1737 1279 2000 1328 recessu
2013 1271 2040 1344 ,'

261 1376 427 1449 Arte
463 1373 839 1449 laboratum
875 1372 1059 1447 nulla
1091 1403 1107 1446 ε
1138 1372 1558 1448 simulaverat
1594 1393 1801 1451 artem

263 1495 543 1593 Ingenio
572 1513 814 1570 natura
845 1523 970 1569 suo
997 1524 1014 1584 ;
1046 1523 1200 1570 nam
1229 1495 1491 1596 pumice
1527 1498 1677 1570 vivo
1698 1554 1717 1585 ,

263 1622 358 1694 Et
390 1619 652 1695 levibus
686 1619 912 1722 tophis
942 1621 1239 1695 nativum
1272 1620 1551 1696 duxerat
1585 1651 1827 1697 arcum.

265 1801 318 1848 et
341 1809 485 1861 sepe
504 1831 520 1859 ,
547 1801 811 1861 preeunte
837 1791 1112 1856 Luereti03
1151 1790 1284 1845 Ho-

267 1890 448 1925 merus
461 1909 477 1937 ,
494 1871 661 1939 ἇῡτμῆ.
672 1872 1009 1939 —Fi'ndilque
1023 1881 1120 1924 etc.
1134 1870 1285 1941 Virg.

273 1950 467 2021 Geor-g.
493 1949 578 2016 11,
606 1949 705 2004 353
730 1967 743 2000 :
774 1951 1054 2002 nbe'he'ulca
1075 1951 1287 2018 se'lifin-

270 2032 347 2081 dit
355 2030 506 2081 cam&
523 2028 717 2095 esleser
730 2045 868 2080 ana.
887 2026 1061 2079 Tibul.
1079 2028 1104 2081 1
1123 2066 1139 2094 ,
1170 2043 1256 2080 vu
1267 2066 1283 2094 ,

270 2124 328 2157 21
354 2123 367 2159 ς
386 2111 585 2157 arentes
602 2105 921 2173 qmfindit
939 2105 1100 2156 Sa'n'us
1122 2123 1288 2170 agms.

270 2183 556 2235 —Nodosa
565 2223 579 2242 ‚
599 2201 708 2234 uon
723 2182 1040 2234 knolenteicb
1051 2219 1066 2247 ,
1079 2191 1140 2233 nt
1150 2180 1287 2234 Rod.

272 2258 432 2312 vertit
451 2298 467 2324 ,
502 2258 591 2312 sed
615 2278 748 2312 nexa
774 2278 786 2311 ε
807 2259 861 2312 11
882 2299 896 2324 ,
936 2260 1036 2332 499
1052 2296 1070 2324 ,
1096 2262 1289 2314 anm-s

263 2341 435 2408 plage
456 2358 474 2390 .·
499 2337 600 2391 vid.
623 2337 688 2392 ad
713 2339 802 2404 11,
836 2338 950 2392 560.

339 2440 357 2473 1
368 2420 450 2473 55.
466 2420 728 2488 Capussa.
742 2416 993 2472 Cantabr.
1004 2417 1288 2488 Argentor.

275 2508 325 2551 et
338 2497 449 2550 duo
463 2497 577 2566 alii,
598 2518 828 2566 cupresso
840 2539 856 2563 ,
876 2509 1161 2567 utrumque
1184 2499 1290 2553 usi-

275 2587 456 2631 tatum.
476 2605 545 2619 —-
563 2580 698 2632 Cura
717 2576 959 2631 dedimus
976 2597 1099 2631 cum
1123 2578 1289 2632 MSS.

277 2657 584 2725 quibusdam
602 2697 619 2725 ,
652 2676 775 2712 cum
817 2656 1149 2712 Editionibus
1190 2657 1290 2711 Al-

278 2732 426 2803 dina,
450 2735 677 2808 Gryphii
693 2775 708 2802 ,
734 2735 1050 2790 Bersmanni
1071 2745 1128 2789 et
1149 2734 1258 2790 aliis
1272 2774 1289 2802 ,

277 2831 368 2879 pro
385 2831 541 2867 sacra
561 2811 703 2882 quod
722 2811 869 2866 fluxit
890 2832 954 2867 ex
971 2813 1292 2884 interpreta-

278 2891 435 2945 tione.
469 2890 1021 2964 Bmansuadet
1051 2911 1175 2945 cm
1206 2891 1288 2944 vel

272 2977 452 3035 grata.
492 2969 604 3022 sine
643 2987 811 3022 causa.
843 2997 912 3009 —
941 2968 1094 3038 Regii
1126 2969 1291 3023 nostri

278 3048 476 3103 babent
496 3069 662 3104 sacra.
684 3049 785 3103 Ed.
818 3076 885 3092 —-
907 3051 1043 3104 Cum
1065 3049 1171 3103 Dei
1194 3068 1292 3103 vo-

277 3137 430 3180 ratur
456 3138 545 3181 aut
564 3127 707 3181 locus
722 3167 737 3194 ,
763 3145 871 3196 quo
892 3126 1041 3181 Deus
1063 3126 1293 3182 delecta-

279 3214 403 3271 tur,
434 3217 522 3262 aut
538 3205 697 3260 bomo
714 3225 909 3276 ,quem
928 3215 1121 3260 tuetur.
1142 3206 1292 3277 Virg.

277 3283 495 3338 AEneid
510 3287 560 3353 1,
581 3286 696 3356 476,
712 3285 965 3341 Anchises
976 3304 1098 3338 cnm
1111 3287 1293 3337 Deum.

281 3363 427 3417 Infra
460 3365 547 3429 X,
592 3367 737 3437 529.
767 3384 868 3418 nou
885 3364 1005 3431 jam
1031 3365 1295 3434 Cytherea&

277 3449 427 3495 cnm!
445 3444 637 3496 Litora.
661 3434 805 3513 Ergo
829 3440 960 3495 nihil
982 3440 1067 3494 hic
1088 3451 1294 3493 mutan·

278 3516 426 3571 dunt.
466 3516 641 3574 Causa
662 3529 838 3574 autem
862 3519 1020 3588 huius
1037 3538 1168 3573 cure
1188 3516 1290 3570 du-

278 3596 395 3666 plex
411 3636 428 3664 ,
465 3598 588 3667 quia
623 3598 765 3652 locus
793 3609 847 3652 et
885 3596 1214 3652 absconditus
1239 3605 1295 3649 et

275 3673 545 3743 jucundus
557 3715 571 3737 ,
589 3674 731 3745 quod
745 3687 1029 3745 utrumque
1041 3674 1213 3728 Deam
1228 3672 1292 3726 ad

275 3749 566 3805 lavandum
578 3753 827 3807 invitabat
842 3795 857 3820 ,
878 3763 931 3807 et
946 3773 975 3807 a
991 3754 1185 3810 Nostro
1197 3771 1296 3806 no-

280 3838 439 3884 tatur.
460 3830 531 3885 Et
546 3829 806 3888 habebant
820 3831 950 3886 Deae
973 3850 1093 3887 suos
1108 3831 1198 3885 son
1205 3840 1295 3885 tes.

278 3909 576 3972 Sacc-ehem
588 3911 853 3976 venati-ici.
866 3909 1137 3964 venantes
1151 3910 1296 3964 enim

184 4007 193 4016 ·
279 3988 512 4058 succingi
533 3986 774 4042 solebant
797 4003 811 4037 ι
832 3986 951 4041 vide
977 3985 1039 4039 ad
1071 3986 1156 4053 11,
1183 3988 1297 4052 4¹²·

281 4089 350 4106 -
385 4067 683 4134 Gargaphie
710 4107 725 4129 ,
777 4065 917 4119 vallis
963 4084 1126 4136 prope
1175 4062 1300 4130 Pla,-

282 4152 405 4198 taeas
425 4162 553 4200 cum
578 4145 725 4211 sonte
757 4143 1073 4215 cognomini.
1108 4143 1298 4201 Hero-

2302 1648 2400 1701 160

1382 1790 1568 1861 dotus,
1604 1791 1692 1846 lib.
1721 1794 1838 1857 lx,
1872 1791 1935 1847 25
1961 1803 2014 1847 et
2037 1797 2141 1861 48;
2173 1794 2399 1850 Pausan.

1381 1870 1552 1926 Boeot.
1579 1892 1631 1942 p.
1666 1873 1777 1944 718.
1805 1873 2084 1946 Hyginus,
2123 1874 2225 1928 sab.
2269 1879 2355 1930 181
2381 1916 2398 1944 ,

1380 1959 1533 2003 vocat
1546 1953 1729 2004 vallem
1737 1955 2124 2019 opactssrst‘mam,·
2139 1951 2262 2006 binc
2272 1954 2405 2009 Nos-

1382 2037 1466 2081 ter
1479 2067 1496 2094 ,
1514 2033 1677 2096 pekeelr
1697 2030 1859 2081 densa
1877 2036 1934 2082 e!
1950 2049 2188 2097 cupressu
2201 2071 2215 2094 ,
2257 2030 2405 2084 den·-

1383 2107 1451 2160 sis
1480 2107 1639 2177 piceis
1669 2117 1724 2161 et
1755 2110 2081 2178 cupressibus
2116 2108 2296 2161 obsita.
2338 2132 2407 2152 0—-

1384 2184 1561 2237 Acuta
1578 2202 1838 2251 cupressu,
1859 2186 2072 2238 asorma
2088 2224 2104 2250 ,
2124 2195 2185 2237 ut
2207 2185 2263 2252 1,
2289 2185 2408 2258 699.

1457 2262 1567 2330 157.
1588 2262 1829 2314 Recessu.
1867 2259 2084 2315 Confer.
2114 2262 2194 2314 XI
2217 2302 2233 2328 ,
2269 2262 2366 2315 235
2385 2302 2405 2330 ,

1383 2356 1497 2406 sqq.
1512 2339 1791 2399 Recessus,
1820 2337 1932 2392 loca
1946 2348 2176 2406 remota,
2202 2358 2406 2393 nemo-
2437 2343 2446 2353 ’

1383 2415 1523 2481 rale,
1551 2416 1859 2470 nemoribus
1881 2417 2130 2471 cinctum.
2152 2444 2219 2459 -
2238 2421 2407 2472 Simu-

1385 2497 1594 2548 laverat.
1617 2495 1744 2548 Duo
1767 2494 1998 2549 Medicei
2019 2506 2075 2549 et
2098 2515 2233 2551 unus
2257 2496 2407 2552 Leid.

1382 2577 1719 2635 se’am'lavemt,
1753 2592 1911 2643 quarn
1929 2574 2238 2644 scripturam
2259 2574 2406 2628 acri-

1387 2662 1470 2707 ter
1489 2653 1728 2707 defendit
1742 2652 1925 2708 Barth.
1943 2652 2008 2708 ad
2030 2651 2302 2707 Claudian.
2315 2654 2403 2721 11,

1387 2730 1512 2784 Rus.
1536 2732 1629 2783 81·
1617 2752 1631 2796 ;
1667 2729 1759 2785 sed
1783 2731 2020 2785 Gronov.
2042 2729 2247 2786 diatrib.
2271 2731 2409 2786 Stat.

1385 2829 1496 2880 cap.
1522 2828 1582 2864 vx
1602 2852 1618 2880 ,
1658 2811 1812 2866 docet
1836 2829 2044 2881 semper
2064 2809 2406 2864 scribendum

1385 2893 1623 2944 stimulam
1633 2900 1686 2943 et
1699 2892 1998 2943 assimulare
2008 2930 2022 2951 ,
2048 2888 2200 2957 eique
2215 2886 2409 2941 adsen-

1388 2968 1518 3021 titur
1553 2969 1912 3022 Burmannus.
1941 2994 2008 3008 ·-
2036 2967 2398 3029 «S'imuIaeemI,

1385 3045 1589 3100 imitata
1606 3048 1792 3100 suerat.
1809 3045 1940 3098 Erat
1953 3064 2133 3098 merus
2149 3042 2292 3098 lusus
2305 3063 2407 3097 na·-

1390 3135 1535 3179 turae.
1573 3125 1824 3179 Sebenlasa
1861 3123 1998 3195 apud
2039 3121 2211 3176 Cicer.
2239 3124 2304 3176 N.
2328 3122 2403 3176 D.

1390 3202 1481 3271 11,
1507 3202 1572 3255 35
1592 3242 1608 3270 ,
1644 3221 1761 3272 quae
1784 3201 1850 3254 ad
1880 3200 2176 3269 exemplum
2201 3211 2406 3255 naturae

1387 3299 1626 3351 expressa
1644 3291 1783 3335 sunt.
1801 3307 1870 3319 -—
1881 3282 2137 3348 Ingentum
2153 3280 2288 3335 bene
2306 3280 2405 3334 tri-

1385 3358 1570 3414 buitur
1592 3357 1809 3412 Naturae
1832 3356 2053 3412 ludenti.
2082 3386 2150 3399 —
2171 3362 2364 3412 Pumex
2381 3399 2398 3421 ,

1389 3437 1516 3508 lapis
1548 3456 1702 3492 cavus
1737 3447 1792 3490 et
1825 3436 2096 3508 pendens,
2137 3438 2227 3506 qui
2256 3438 2406 3492 facile

1387 3517 1627 3571 imitatur
1657 3517 1884 3571 sormam
1918 3526 2196 3571 antrorum
2232 3526 2285 3571 et
2318 3536 2407 3571 ar-

1389 3614 1567 3650 cuum.
1603 3623 1670 3638 -—
1714 3598 1892 3657 Vivus,
1927 3613 1993 3650 eo
2027 3595 2136 3665 ipso
2164 3593 2279 3648 loco
2304 3614 2405 3647 na·-

1391 3683 1488 3728 tus.
1510 3701 1579 3714 —
1607 3675 1810 3741 Tophus
1831 3672 2000 3726 oritur
2024 3693 2086 3726 ex
2110 3673 2254 3742 aquis
2280 3692 2405 3726 cum

1389 3748 1527 3803 calce
1550 3750 1719 3804 mixtis
1734 3762 1788 3804 et
1802 3750 2193 3805 destillantibus.
2221 3751 2407 3805 Simu-

1388 3828 1462 3882 lat
1500 3841 1678 3884 autem
1708 3830 1793 3886 hic
1831 3831 1959 3901 lapis
1981 3831 2138 3884 miras
2159 3849 2402 3902 saepenu-

1390 3927 1542 3963 mero
1560 3908 1751 3981 figuras
1769 3950 1784 3977 ,
1814 3920 1876 3963 ut
1895 3909 1977 3963 vel
2002 3908 2407 3962 Baumanniana

1390 3987 1636 4057 spelunca
1677 4007 1941 4058 quemque
1980 3986 2169 4041 docere
2214 3994 2406 4056 potest.

1392 4064 1536 4119 Tum
1550 4072 1776 4133 pumices
1799 4076 1852 4120 et
1878 4067 2024 4133 topbt
2038 4064 2258 4117 omnino
2282 4068 2409 4114 sunt

1390 4162 1508 4209 saxa
1520 4183 1538 4215 ,
1565 4145 1751 4213 quibus
1765 4142 2004 4199 Dearum
2017 4138 2407 4212 Nympharum·
