2975 4784
601 433 733 503 DE
780 430 1118 499 OPERE
1163 425 2220 496 METAMORPHOSEON.
2389 450 2462 492 21

523 580 883 645 Ponderibus
916 579 1114 641 librata
1141 578 1259 641 suis
1286 602 1301 639 ε
1329 599 1435 640 nec
1463 577 1687 639 brachia
1713 578 1889 662 longo

519 682 781 765 Margine
806 693 1086 741 terrarum
1113 688 1436 761 porrexerat
1461 676 1828 759 Amphitrite.

355 833 490 909 Sed
522 849 756 935 postea
790 834 977 906 Deus
1003 830 1201 930 jussit
1207 829 1388 928 fieta
1420 828 1725 929 diffundi,
1781 829 2117 931 rabidisque
2161 845 2479 904 tumescere

359 965 563 1038 ventis
580 1023 598 1047 ,
646 960 902 1037 extendi
930 989 1173 1062 campos·
1192 1021 1211 1047 ,
1244 961 1552 1035 subsidere
1589 961 1791 1034 valles
1805 1020 1825 1046 ‚
1908 960 2209 1062 lapidosos
2245 989 2483 1062 surgere

354 1107 604 1166 montes.
640 1089 861 1166 Multa
889 1118 968 1165 ex
992 1090 1124 1163 hoc
1162 1090 1397 1185 genere
1424 1092 1749 1187 insignia,
1786 1092 1939 1179 XV,
1965 1091 2037 1165 in
2069 1089 2330 1190 placitis
2355 1091 2487 1190 Py-

360 1224 687 1319 thagorae3
712 1220 827 1296 sed
853 1251 989 1323 prae
1010 1222 1259 1297 caeteris
1283 1224 1548 1311 eminet,
1564 1248 1741 1296 200-
1755 1250 1780 1294 1
1794 1221 1860 1310 3,
1880 1221 2073 1297 locus
2093 1222 2174 1295 de
2200 1238 2484 1323 quatuor

358 1355 514 1428 anni
557 1354 900 1455 partibuS‚
935 1352 1182 1454 quibus
1218 1355 1599 1429 suavissime
1646 1354 1941 1428 hominis
1986 1355 2307 1428 attributa
2338 1354 2487 1427 (lata

356 1503 539 1560 sunt.
574 1485 810 1586 Aperit
837 1513 1083 1559 annum
1117 1499 1284 1559 tener
1319 1503 1387 1560 et
1434 1487 1661 1559 lactens
1694 1515 1857 1586 puer
1871 1546 1894 1572 ‚
1937 1486 2165 1560 roboris
2208 1515 2429 1587 expers
2451 1547 2468 1572 ‚

355 1617 661 1720 sequitur
683 1620 888 1693 robore
903 1620 1122 1693 valens
1140 1636 1209 1692 et
1226 1634 1494 1693 oestuans
1506 1619 1782 1718 juvenis,
1810 1649 2026 1722 quem,
2034 1621 2482 1722 post'tofirvore
2521 1710 2528 1716 ·

342 1751 642 1850 juvente,
672 1748 963 1823 Maturus
983 1749 1262 1852 minisque
1287 1750 1669 1824 Autumnus
1694 1751 1956 1853 excipit.
1985 1751 2094 1825 Ad
2119 1770 2480 1828 extremum

610 1962 628 1978 .
651 1959 668 1977 .
691 1960 709 1975 .
745 1918 953 1981 Senilis
971 1963 993 1996 ‚
1028 1918 1228 1981 Hiems
1247 1920 1494 1982 tremulo
1517 1921 1674 1983 venit
1698 1919 1931 1981 horrida
1952 1942 2153 2003 passu,

526 2025 652 2087 Aut
685 2025 924 2108 spoliata
953 2046 1122 2102 suos,
1145 2036 1281 2103 aut,
1315 2046 1468 2108 quos
1499 2024 1701 2103 babet,
1730 2025 1853 2087 alba
1884 2026 2136 2107 capillos.

358 2172 495 2245 His
539 2171 704 2247 adde
743 2173 947 2262 Noti,
985 2174 1255 2262 Boreae,
1305 2173 1618 2261 Invidiae,
1648 2174 1868 2248 Famis
1887 2229 1912 2261 ,
1963 2176 2208 2260 Famae,
2246 2144 2496 2245 Somni

367 2303 875 2405 descriptiones»,
910 2306 983 2379 in
1020 2306 1271 2407 quibus
1302 2334 1381 2380 ex
1411 2304 1673 2379 illarum
1708 2331 1928 2378 rerum
1958 2304 2298 2378 attributis
2331 2332 2485 2405 per-

359 2463 567 2509 sonas
600 2463 952 2537 earumque
984 2435 1321 2510 domicilia
1359 2418 1630 2510 mirifice
1665 2435 1910 2532 (naevis
1939 2435 2169 2537 paucis
2202 2434 2485 2527 demtis)

352 2568 761 2670 composuit.
793 2570 836 2641 J
838 2596 943 2642 am
959 2569 1017 2641 si
1035 2568 1172 2644 baec
1199 2568 1291 2641 ita
1308 2567 1484 2642 inter
1501 2595 1570 2642 se
1585 2567 2081 2669 comparaveris,
2101 2582 2180 2640 ut
2196 2566 2487 2667 primum

352 2697 587 2775 mbide's
614 2713 936 2773 tumescere
970 2700 1172 2773 ventis
1204 2727 1416 2801 ponas
1434 2755 1453 2787 ,
1495 2716 1633 2773 tum
1647 2754 1667 2786 ‚
1701 2696 1952 2772 brachia
1982 2697 2168 2796 longo
2199 2696 2488 2795 Margine

349 2849 649 2907 terrama
671 2848 1036 2935 porrexerat
1064 2833 1481 2933 Amphitr-ite,
1516 2850 1676 2934 post
1701 2833 1840 2906 haec
1878 2831 2097 2905 locum
2132 2830 2213 2905 de
2245 2830 2484 2905 annuis

350 2966 952 3058 vicissitudinibus,
970 2986 1085 3042 aut
1100 2985 1355 3070 partem
1376 2968 1541 3067 ejus,
1568 2966 1851 3067 denique
1869 2994 1949 3040 ex
1969 2965 2074 3052 iis,
2099 2994 2262 3067 quas
2275 2966 2476 3040 modo

354 3095 650 3187 laudavi,
686 3100 1184 3203 prosopopoeiis
1218 3128 1451 3188 unam;
1486 3097 1938 3196 gradationem
1958 3097 2236 3175 habebis
2256 3098 2487 3194 imagi-

356 3255 526 3302 num
548 3232 913 3326 egregiam,
934 3260 1219 3333 qnarum
1239 3231 1541 3334 proxima
1563 3258 1839 3332 quaeque
1865 3229 2333 3331 praecedentem
2351 3228 2483 3331 ple-

352 3360 662 3436 nitudine
710 3380 999 3464 superat.
1053 3363 1368 3437 Personis
1392 3361 1865 3464 mythologicis
1890 3362 2146 3459 egregie
2173 3362 2485 3437 animavit

352 3489 499 3568 loca
508 3494 710 3567 varia.
725 3496 866 3582 —I‚
884 3492 1026 3587 264
1041 3523 1217 3596 sqq„
1233 3495 1456 3568 Notus
1474 3490 1711 3582 evolat,
1731 3493 1857 3567 Iris
1870 3492 2485 3567 alimentanubibus

357 3622 575 3697 adfert
592 3679 612 3710 ‚
647 3626 1004 3725 Neptunus
1036 3644 1358 3699 convocat
1378 3625 1627 3698 Amnes
1645 3679 1670 3713 ,
1691 3623 1935 3698 Triton
1968 3650 2263 3698 recessus
2286 3624 2482 3697 cauit.

354 3756 441 3830 In
476 3754 791 3830 omnibus
824 3756 959 3831 fere
993 3775 1063 3832 et
1087 3756 1655 3858 descriptionibus
1685 3773 1753 3830 et
1783 3755 2277 3830 narrationibus
2300 3756 2489 3851 inge-

353 3884 551 3959 nium
578 3904 793 3985 poetae
821 3905 955 3961 tam
986 3886 1057 3961 in
1082 3886 1520 3983 tenuissimis,
1552 3916 1748 3990 quam
1774 3887 1845 3961 in
1868 3885 2267 3983 gravissimis
2292 3885 2496 3960 rebus

355 4016 674 4092 admirari
706 4017 883 4093 licet.
947 4022 1045 4094 Ut
1079 4048 1118 4094 a
1148 4018 1465 4095 brevibus
1510 4020 1807 4097 tenuium
1840 4046 2057 4093 rerum
2102 4013 2495 4115 descriptio-

356 4149 564 4226 nibus
588 4150 939 4252 incipiam‚
974 4151 1083 4228 cui
1113 4178 1255 4225 non
1286 4149 1578 4254 placeat,
1605 4154 1675 4239 1,
1710 4146 1890 4237 335,
1926 4146 2180 4222 buccina
2202 4142 2274 4218 T
2268 4142 2458 4217 ortilis
2474 4162 2505 4228 ,'
