2975 4784
547 355 625 397 10
1318 326 1902 395 PRAEFATIO

530 492 759 540 omnes
786 463 1124 539 communi
1155 465 1676 567 metamorphosi
1722 461 2202 566 complectitur.
2251 463 2424 562 Quae
2455 464 2657 567 paulo

534 615 685 671 ante
712 596 794 670 de
821 596 996 670 saxis
1030 595 1195 686 dixi,
1230 624 1309 672 ea
1339 614 1407 672 et
1433 597 1515 672 de
1539 625 1711 697 aqua
1741 593 1976 670 valent.
2018 593 2150 670 Sed
2171 594 2465 695 inhujus
2484 624 2658 696 quo-

534 758 662 831 que
691 730 1086 805 uniformem
1104 747 1406 806 naturam
1423 731 1827 806 mutationes
1853 729 2141 804 suaviter
2157 747 2400 804 narrat.
2424 727 2650 837 Quae,

532 863 629 952 V,
668 863 850 957 428,

695 1068 713 1084 .
737 1066 753 1082 .
776 1068 793 1086 .
836 1024 1094 1102 Quarum
1116 1024 1301 1087 fuerat
1324 1046 1591 1108 magnum
1623 1024 1799 1086 modo
1824 1045 2040 1087 numen
2055 1069 2076 1102 ‚
2102 1024 2166 1084 in
2195 1023 2319 1087 illas

690 1131 1048 1193 Extenuatur
1071 1152 1283 1213 aquas:
1307 1130 1518 1192 molliri
1546 1130 1796 1194 membra
1821 1131 2040 1194 videres
2055 1175 2076 1207 ‚

691 1234 839 1296 ossa
868 1238 981 1317 pati
1012 1235 1218 1311 flexus,
1242 1256 1465 1321 ungues
1490 1234 1753 1318 posuisse
1778 1236 2030 1321 rigorem
2060 1258 2077 1297 t

689 1341 989 1423 Primaque
1017 1342 1088 1404 de
1117 1354 1239 1404 tota
1267 1341 1598 1404 tenuissima
1626 1363 1873 1424 quaeque
1899 1342 2225 1423 liquescunt
2238 1385 2259 1420 ‚

692 1446 938 1509 Caemlei
966 1448 1148 1510 crines
1163 1492 1182 1525 ‚
1208 1446 1485 1533 digitique
1500 1494 1520 1527 ‚
1541 1461 1604 1512 et
1624 1469 1826 1524 crura,
1845 1446 2166 1530 pedesque;

688 1554 836 1614 Nam
862 1552 1047 1615 brevis
1071 1555 1131 1615 in
1154 1554 1363 1639 gelidas
1384 1555 1653 1618 membris
1673 1555 1913 1618 exilibus
1933 1553 2111 1616 undas

689 1657 990 1719 Transitus
1018 1670 1105 1720 est
1126 1682 1141 1718 :
1163 1671 1298 1740 post
1323 1660 1445 1720 haec
1478 1672 1819 1745 tergumque
1834 1704 1854 1736 ‚
1879 1659 2217 1740 humerique
2232 1703 2254 1737 ‚
2278 1657 2568 1741 latusque,

692 1767 1047 1847 Pectoraque
1074 1766 1137 1825 in
1166 1777 1368 1828 tenues
1397 1765 1613 1828 abeunt
1643 1765 1873 1829 evanida
1900 1766 2076 1830 rivos.

684 1870 952 1953 Denique
983 1894 1090 1955 pro
1120 1872 1255 1936 vivo
1280 1873 1499 1935 vitiatas
1522 1876 1794 1957 sangnine
1822 1896 1992 1937 venas

691 1976 950 2061 Lympha
976 1978 1159 2056 subit,
1185 1991 1474 2061 restatque
1501 1981 1640 2040 nihil
1659 2026 1679 2057 ‚
1711 1980 1871 2061 quod
1896 1980 2171 2064 prendere
2194 1979 2395 2065 possis·

530 2116 724 2195 Tolle
753 2116 953 2193 verba
985 2119 1163 2194 Nam
1191 2118 1382 2193 brevic
1435 2162 1516 2177 -
1556 2119 1630 2194 T
1624 2120 1885 2194 ransitus
1911 2134 2005 2195 est
2026 2178 2047 2207 ,
2104 2118 2352 2221 quibus
2381 2117 2660 2194 minime

534 2279 707 2355 opus
731 2270 905 2342 erat,
937 2270 1005 2327 et
1026 2252 1281 2356 reliqua
1308 2252 1615 2357 praeclare
1638 2282 1708 2331 se
1724 2254 1996 2332 habent.
2023 2257 2319 2344 Rursus,
2346 2254 2435 2344 V,
2464 2250 2606 2326 632
2635 2307 2654 2340 ,

532 2385 866 2464 Arethusa
896 2388 978 2464 de
1010 2418 1120 2464 se:

694 2549 959 2630 Occupat
985 2545 1248 2609 obsessos
1275 2546 1452 2609 sudor
1479 2546 1620 2608 mihi
1651 2546 1887 2633 frigidus
1912 2559 2067 2609 artus
2081 2591 2102 2625 ‚

697 2653 1091 2734 Caeruleaeque
1119 2652 1328 2714 cadunt
1353 2664 1480 2714 toto
1505 2653 1574 2714 de
1602 2672 1846 2734 corpore
1873 2666 2087 2738 guttae3

694 2758 940 2839 Quaque
967 2750 1179 2838 pedem·
1195 2757 1348 2817 movi
1364 2800 1384 2834 ,
1413 2768 1602 2818 manat
1621 2758 1788 2819 locus
1805 2801 1825 2835 ,
1849 2775 1997 2839 eque
2028 2758 2243 2841 capillis

688 2867 816 2926 Ros
847 2865 1011 2925 cadit.

534 3007 878 3084 Interdum
895 3005 1221 3083 nonnulla
1232 3006 1404 3083 fiunt
1426 3009 1604 3084 inter
1621 3009 2080 3099 mutationem,
2103 3027 2219 3083 aut
2229 3008 2662 3110 proferuntur

537 3141 621 3215 ab
653 3141 769 3229 iis,
806 3170 978 3242 quos
1008 3143 1219 3221 satum
1245 3142 1417 3219 illud
1450 3144 1803 3246 opprimit,
1840 3145 2062 3231 11th,
2100 3142 2239 3244 575
2268 3171 2417 3246 sqq.
2439 3200 2461 3234 ‚
2499 3143 2658 3218 dum

543 3272 817 3349 Cadmus
846 3294 914 3351 et
943 3279 1295 3355 Harmonia
1325 3296 1669 3380 serpentes
1696 3276 1901 3368 fiunt3
1928 3294 1998 3353 et
2018 3279 2152 3368 IX,
2187 3276 2359 3368 355,
2386 3278 2660 3379 DrJope

538 3408 759 3483 arbor.
797 3410 973 3486 Sunt
1006 3414 1202 3487 etiam
1230 3412 1475 3488 fabulae
1494 3469 1514 3503 ‚
1550 3414 1620 3487 in
1657 3411 1903 3514 quibus
1926 3412 2244 3487 transitus
2264 3414 2411 3515 ipse
2427 3413 2660 3515 paucis

520 3561 965 3634 memoratur,
1002 3544 1120 3619 sed
1148 3544 1615 3646 descriptionis
1639 3545 1790 3620 loco
1824 3546 2228 3647 comparatio
2260 3546 2547 3621 additur.
2575 3543 2661 3620 Id

541 3674 734 3777 quale
768 3677 886 3766 sit,
923 3705 1002 3751 ex
1026 3678 1165 3765 lx,
1195 3675 1501 3776 219-25,
1537 3695 1606 3750 et
1630 3675 1803 3766 266,
1837 3674 2277 3775 intelligitur:

692 3849 895 3929 thue
920 3868 1108 3909 novus
1136 3865 1366 3928 serpeus
1383 3889 1402 3921 ‚
1429 3848 1614 3926 posita
1642 3870 1773 3911 eum
1795 3849 1941 3933 pelle
1969 3863 2193 3914 senecta
2210 3895 2231 3931 ,

690 3951 1002 4014 Luxuriare
1029 3949 1205 4025 solet,
1234 3968 1574 4029 squamaque
1601 3953 1781 4016 virere
1809 3956 2062 4027 recenti3

698 4055 793 4117 Sic
818 4053 922 4117 ubi
948 4050 1213 4119 mortales
1237 4049 1578 4132 Tirynthius
1602 4056 1757 4117 exuit
1775 4068 1933 4118 artus
1946 4098 1967 4132 ‚
