2975 4784
786 443 1831 513 METAMORPHOSEON
1888 445 2085 512 LIB.
2144 446 2330 515 VII.

488 582 667 658 Scire
696 582 984 685 :pedum
1019 581 1270 657 calidus
1299 583 1573 679 vestigia
1612 580 1831 685 pulvis
1865 581 2192 674 habebat3

2474 443 2606 537 539

2508 606 2607 676 77⁵

485 701 639 800 lpse
672 696 883 774 oculis
915 715 1181 800 ereptus
1213 715 1350 773 erat
1377 729 1394 772 ε
1421 727 1563 774 non
1604 699 1790 773 ocior
1821 696 1941 771 illo
2008 750 2015 755 -

489 818 700 890 Hasta
719 872 738 903 ,
767 844 888 891 nec
919 844 1204 890 excussae
1239 831 1548 889 contorto
1578 815 1844 888 verbere
1879 812 2150 908 glandes
2168 871 2187 903 ,

490 933 628 1006 Nec
667 931 1068 1033 Gortyniaco
1105 928 1392 1005 calamus
1426 927 1589 1005 levis
1626 929 1764 1004 exit
1793 929 1878 1003 ab
1916 958 2091 1003 arcu.

495 1045 707 1122 Collis
741 1076 906 1149 apex
940 1046 1140 1122 medii
1171 1046 1485 1146 subjectis
1518 1045 1818 1120 imminet
1835 1045 2017 1120 arvis
2045 1074 2060 1116 ε

489 1162 726 1237 ΤοΙΙοι·
759 1191 838 1237 eo
858 1220 877 1252 ,
916 1163 1240 1264 capioque
1275 1163 1433 1238 novi
1466 1160 1842 1263 spectacula
1870 1188 2103 1235 cursus
2134 1189 2151 1233 ε

2515 1188 2612 1254 780

491 1280 651 1377 Quo
686 1278 891 1354 modo
920 1279 1274 1381 deprendi,
1309 1278 1516 1353 modo
1551 1303 1621 1351 se
1657 1276 2022 1352 subducere
2056 1275 2317 1380 abipso

489 1393 780 1469 Vulnere
813 1394 952 1469 visa
984 1394 1120 1470 fera
1152 1412 1254 1470 est
1285 1425 1301 1468 ε
1330 1422 1453 1469 nec
1479 1392 1688 1467 limite
1725 1390 1961 1467 callida
1996 1410 2178 1469 recto
2197 1449 2217 1481 ,

492 1512 575 1583 In
609 1510 971 1612 spatiumve
1005 1509 1215 1606 fugin
1249 1509 1365 1585 sed
1401 1508 1647 1610 decipit
1683 1537 1797 1583 ora
1833 1509 2207 1611 sequentia,

489 1626 583 1698 Et
613 1622 786 1698 redit
821 1624 890 1696 in
928 1652 1162 1724 gyrum
1182 1679 1201 1711 ,
1235 1650 1321 1697 ne
1356 1623 1445 1697 sit
1477 1652 1640 1698 suus
1677 1624 1967 1725 impetus
1999 1624 2202 1698 hosti.

497 1741 813 1814 Imminet
835 1739 945 1813 hic
965 1795 985 1827 ,
1014 1739 1448 1841 sequiturque
1481 1768 1707 1840 parem
1738 1769 1753 1813 τ
1783 1739 2150 1840 similisque
2176 1737 2424 1813 tenenti
2520 1759 2618 1829 78⁵

493 1859 648 1932 Non
686 1870 901 1945 tenet,
935 1874 1002 1930 et
1032 1883 1276 1930 vacuos
1311 1873 1567 1930 exercet
1593 1855 1664 1929 in
1699 1884 1847 1930 aera
1877 1883 2157 1930 morsus.
2602 1850 2606 1854 ¹

498 1973 605 2048 Ad
632 1971 831 2072 jaculi
862 1972 1164 2046 vertebar
1198 1999 1394 2072 opem
1422 2000 1437 2044 z
1470 1971 1656 2072 quod
1682 1971 1949 2046 dextera
1976 1969 2181 2045 librat

497 2089 679 2162 Dum
709 2114 853 2161 mea
873 2143 892 2175 ,
927 2086 1085 2159 dum
1117 2085 1366 2181 digitos
1398 2087 1675 2160 amentis
1708 2085 1934 2162 indere
1969 2104 2157 2161 tento
2178 2143 2197 2175 ,

497 2203 781 2278 Lumina
810 2200 1042 2276 deflexi
1063 2257 1082 2289 ,
1119 2217 1549 2302 revocataque
1577 2230 1825 2306 rursus,
1846 2201 2082 2277 eodem

501 2316 948 2404 Rettuleram;
984 2315 1203 2391 medio
1227 2372 1247 2404 ,
1282 2316 1564 2391 mirum!
1602 2317 1738 2392 duo
1774 2346 2101 2393 marmora
2131 2345 2363 2419 campo

2523 2357 2621 2409 790

501 2433 823 2534 Adspicio
851 2463 867 2507 ε
895 2432 1122 2527 fugere
1154 2433 1283 2506 hoc
1304 2489 1323 2522 ,
1360 2430 1531 2508 illud
1562 2431 1799 2511 latrare
1834 2451 2123 2536 putares.

497 2678 502 2684 ·
566 2652 676 2720 775.
702 2651 935 2708 Calidas.
948 2648 1006 2702 iu
1021 2667 1127 2719 quo
1138 2647 1303 2704 calida
1318 2647 1509 2716 adhuc,

495 2727 726 2782 recentia
744 2766 760 2794 ‚
783 2727 992 2797 vestigia
1015 2727 1225 2797 pedum.
1247 2754 1314 2768 —
1341 2729 1512 2781 Glan-

494 2811 587 2860 des
617 2805 891 2876 plumbea.
926 2803 1207 2860 Cretenses
1223 2846 1239 2873 ,
1283 2824 1512 2875 quorum

497 2886 621 2939 urbs
648 2889 896 2958 Gortyn,
932 2887 1235 2942 nobilissimi
1258 2897 1411 2941 erant
1430 2887 1514 2957 ja-

496 2964 780 3030 culatores,
806 2968 1353 3037 ρωῑεηῐίωἱιιιοεςυο
1370 2968 1517 3022 sacie-

498 3040 627 3094 bant
649 3060 797 3095 arcus
819 3051 874 3095 et
893 3043 1114 3111 sagittas.
1153 3043 1388 3111 Confer,
1423 3045 1478 3098 11
1497 3078 1530 3112 μ

501 3118 819 3185 7273X1V,
858 3120 1295 3185 sas—Verba,
1335 3121 1513 3174 lorum

498 3193 691 3247 funde.
706 3196 945 3258 -ΕτιΊ,
972 3195 1156 3249 avolat.

503 3302 506 3305 ·
567 3272 679 3341 780.
709 3274 972 3325 Tollantur
991 3291 1108 3327 aves
1131 3274 1187 3326 iu
1211 3292 1361 3340 aera,
1387 3272 1515 3328 hine

500 3358 556 3403 et
591 3349 681 3418 qui
714 3348 1088 3403 adscendunt
1074 3369 1128 3403 nn
1166 3360 1421 3423 montem.
1447 3362 1521 3391 -'

506 3428 665 3494 Capio
694 3431 984 3495 spectacula
1002 3467 1018 3492 ,
1055 3438 1232 3499 specto
1251 3467 1266 3494 ,
1298 3439 1357 3482 ut
1396 3428 1512 3496 111,

499 3507 614 3573 246.
632 3534 697 3546 —
712 3508 863 3567 Noai,
901 3506 1135 3561 inauditi.
1159 3507 1411 3577 Sequitur
1431 3507 1514 3560 lo-

499 3602 591 3638 cus
624 3602 735 3636 non
772 3584 946 3639 miuus
973 3585 1241 3656 ingeniose
1264 3586 1514 3655 scriptus,

500 3663 733 3730 quaml,
760 3663 855 3716 533
876 3682 986 3731 sqq.
1011 3681 1172 3732 quem
1191 3663 1518 3716 consem—

498 3740 709 3806 Decipe?
728 3739 977 3808 exquisite
995 3780 1012 3806 ,
1037 3740 1234 3810 effugit.
1258 3768 1327 3781 —
1349 3742 1430 3795 Ne
1447 3744 1523 3793 se‘!

499 3835 624 3871 snus
643 3828 738 3872 etc.
755 3857 770 3886 ,
796 3838 863 3872 ne
889 3819 966 3872 uti
989 3819 1147 3889 possit
1169 3820 1394 3890 impetu,
1408 3837 1518 3889 quo

500 3897 632 3955 solet
656 3899 710 3952 in
736 3898 964 3969 predam
991 3900 1130 3953 ferri.

568 3977 679 4042 785.
703 3979 911 4038 Parem,
937 3995 1131 4047 nempe
1149 3996 1319 4032 cursu.
1336 3979 1517 4033 Verba

500 4058 739 4106 inminet.
751 4093 763 4106 .
775 4095 787 4107 .
804 4062 937 4109 tenet
945 4055 1360 4111 condonabimus
1371 4057 1523 4127 inge·-

501 4132 596 4185 nio
615 4130 829 4200 Ovidii,
859 4133 1000 4202 quod
1026 4134 1183 4189 nimis
1205 4135 1521 4190 immoratur

503 4212 764 4282 eiusmodi
791 4215 963 4270 rebus.
1007 4214 1117 4270 Sed
1149 4215 1287 4271 bene
1326 4235 1520 4274 vacuus

1605 2669 1799 2704 noe-sus
1821 2649 1993 2721 (olim
2009 2690 2024 2717 ,
2061 2660 2116 2704 et
2144 2647 2200 2703 in
2223 2648 2403 2720 Regiis
2433 2648 2622 2702 nostris

1606 2728 1784 2781 minus
1804 2728 1941 2781 bene
1961 2746 2123 2780 nsanos
2137 2726 2163 2797 )
2179 2766 2195 2794 ,
2221 2726 2351 2780 dum
2370 2725 2550 2796 vulpes
2566 2744 2623 2778 se
2697 2772 2701 2777 .

1607 2804 1846 2860 subducit
1868 2805 2157 2871 morsibus,
2184 2814 2244 2857 ut
2260 2803 2402 2858 canis
2426 2803 2499 2856 nil
2524 2802 2623 2856 nisi

1608 2902 1728 2937 aera
1737 2882 1994 2936 mordeat.
2007 2881 2257 2953 Exempla
2266 2881 2452 2935 similia
2467 2880 2624 2935 babet

1614 2961 1799 3016 Heins-
1823 2962 2026 3015 Morsus
2047 2980 2273 3014 exercete·
2297 2959 2598 3028 exquisitius
2611 2998 2628 3025 ,

1612 3058 1770 3108 quam
1794 3037 2054 3092 mordere.
2078 3036 2244 3091 Paulo
2267 3036 2433 3102 aliter,
2454 3035 2591 3089 Vlss
2606 3074 2622 3101 ,

1608 3117 1706 3170 826
1730 3155 1745 3184 ,
1783 3120 2003 3170 Exercet
2042 3119 2156 3169 ce‘bo
2199 3117 2423 3167 delusum
2458 3120 2631 3182 guttur

1606 3198 1766 3248 thani.
1805 3222 1872 3237 ·-
1900 3196 2166 3247 duculum
2182 3232 2196 3255 ‚
2234 3191 2587 3246 loramentum
2606 3231 2622 3259 ,

1610 3270 1751 3339 quod
1778 3270 2068 3324 addebatur
2101 3268 2274 3337 jaculo
2296 3267 2589 3323 emittendo
2607 3307 2626 3333 ,

1611 3368 1880 3419 manuque
1914 3349 2240 3402 retinebatur
2272 3348 2361 3402 illo
2399 3348 2626 3401 emisso:

1611 3427 1719 3481 xu
1732 3466 1748 3494 ,
1773 3427 1863 3480 321
1885 3466 1901 3493 ,
1924 3431 2136 3480 emerere
2147 3433 2347 3479 amento
2360 3429 2628 3494 digitos.—

1611 3508 1788 3558 Iaedere
1815 3523 1911 3575 pro
1933 3507 2116 3558 addere
2136 3524 2164 3558 e
2187 3513 2487 3575 pervetusto
2505 3500 2629 3556 Co-

1613 3582 1726 3637 dice
1765 3583 1962 3653 primus
2000 3583 2199 3637 notavit
2238 3592 2293 3636 et
2328 3580 2631 3651 approbavit
2706 3623 2710 3626 ⁴

1613 3661 1971 3733 Mariangelus
1998 3661 2291 3715 Aecus-sius.
2330 3661 2548 3714 Habent
2575 3671 2631 3714 et

1613 3742 1788 3812 plures
1801 3742 1886 3795 alii
1900 3742 2061 3797 Mss.
2082 3741 2225 3796 unde
2249 3740 2474 3811 pretulit
2492 3738 2633 3793 Bur-

1614 3838 1843 3875 mannus
1856 3839 2022 3891 quum
2040 3819 2245 3874 Heinsii
2272 3819 2495 3872 alterum
2518 3837 2632 3871 non

1613 3910 1901 3968 sperneret.
1927 3897 2078 3969 Regii
2101 3898 2293 3964 nostri,
2318 3900 2515 3951 addere.

1683 3997 1795 4052 79⁰·
1826 3979 2085 4031 Beoocatae
2106 3970 2391 4032 retium
2422 3996 2451 4031 e
2484 3977 2634 4047 copia

1616 4056 1816 4127 poetica
1836 4096 1852 4123 ,
1876 4074 2042 4125 quum
2055 4056 2366 4111 alterutrum
2379 4056 2501 4110 satis
2510 4055 2635 4109 ’suis-

1615 4149 1790 4192 set.—
1812 4138 1941 4193 Post
1961 4142 2265 4200 rettulerant,
2292 4135 2483 4190 nostris
2513 4134 2631 4187 Co-

1617 4216 1815 4272 dicibus
1838 4216 2084 4271 inseritur
2114 4224 2194 4282 et,
2235 4234 2353 4287 qua
2378 4211 2628 4285 particule
