2975 4784
690 391 1709 467 MET-AMORPHOSEON
1760 397 1956 466 LIB.
2006 400 2096 470 V.

2331 399 2452 467 361

345 536 587 611 Fronte
621 552 842 613 tamen
873 536 1103 611 Rhoeti
1136 564 1276 610 non
1303 535 1490 610 irrita
1525 538 1750 639 cuspis
1784 536 2091 627 adhaesit;

347 651 488 749 Qui
521 670 880 755 postquam
911 653 1149 728 cecidit
1166 709 1187 741 ‚
1223 652 1601 754 ferrumque
1626 681 1706 727 ex
1730 680 1877 727 osse
1904 653 2235 730 revulsum
2269 671 2371 729 est
2395 700 2415 742 ‚-

348 767 675 869 Palpitat‚
705 788 774 845 et
803 770 1056 872 positas
1087 768 1424 871 adspergit
1455 767 1777 864 sanguine
1808 796 2085 844 mensas.
2398 787 2464 857 40

344 881 523 955 Tum
554 911 709 957 vero
739 883 1098 959 indomitas
1127 883 1410 959 ardescit
1435 883 1675 979 vulgus
1709 883 1777 957 in
1810 883 1942 957 iras
1971 912 1989 970 ;

345 994 638 1099 Telaque
672 999 1075 1098 conjiciunt3
1110 1016 1177 1073 et
1205 1015 1400 1087 sunt,
1435 1000 1552 1101 qui
1582 1000 1846 1101 Cephea
1879 999 2103 1073 dicant

351 1112 522 1185 Cum
556 1140 798 1209 genero
830 1112 1070 1189 debere
1103 1114 1275 1188 mori
1305 1142 1323 1187 ε
1351 1113 1468 1188 sed
1502 1112 1727 1189 limine
1764 1114 1920 1188 tecti

347 1227 616 1301 Exierat
650 1227 989 1329 Cepheus3
1027 1245 1302 1304 testatus
1331 1230 1376 1301 J
1379 1256 1590 1330 usque
1616 1286 1637 1318 ‚
1673 1228 2035 1332 Fidemque
2053 1283 2073 1318 ,

347 1341 777 1443 Hospitiique
805 1344 1006 1433 Deos,
1038 1372 1114 1418 ea
1145 1372 1215 1419 se
1246 1343 1646 1445 prohibente
1672 1344 1943 1420 moveri.
2407 1368 2470 1436 423

349 1454 600 1531 Bellica
631 1454 850 1531 Pallas
880 1455 1103 1546 adest;
1142 1474 1210 1533 et
1240 1460 1539 1560 protegit
1565 1460 1772 1555 aegide
1801 1459 2069 1535 fratrem
2088 1514 2110 1548 ‚

346 1572 617 1671 Datque
643 1572 915 1647 animos.
954 1575 1118 1647 Erat
1145 1572 1356 1648 Indus
1384 1574 1588 1649 Athis
1608 1631 1628 1664 ‚
1667 1603 1864 1677 quem
1887 1576 2158 1651 flumine
2194 1575 2425 1673 Gange

350 1684 553 1760 Edita
583 1687 879 1762 Limnate
908 1687 1135 1762 vitreis
1162 1689 1498 1790 peperisse
1531 1692 1660 1766 sub
1689 1692 1896 1766 antris

347 1874 693 1929 tumultuaria
737 1877 897 1932 altera
936 1878 1021 1931 illa
1058 1877 1115 1931 in
1161 1878 1360 1949 nuptiis

349 1951 592 2024 Pyrithoi
606 1972 800 2024 pugna,
815 1955 901 2011 lib.
913 1956 1045 2025 ΧΠ,
1059 1956 1155 2010 258
1165 1975 1178 2010 z
1188 1958 1360 2010 mei-

348 2049 461 2084 mus
500 2037 561 2083 ul
598 2039 808 2085 sletml
826 2073 843 2096 ,
896 2041 1132 2102 spectans
1173 2038 1364 2089 altaria

347 2114 492 2164 vultu
507 2112 721 2165 Fun-ida
745 2116 980 2177 terribili,
1005 2132 1097 2167 cur
1107 2132 1207 2166 non
1220 2152 1236 2178 ,
1253 2117 1353 2178 ait,

347 2194 536 2243 utimur
547 2195 666 2241 ictis
678 2193 709 2245 Ρ
727 2188 829 2242 Ed.

416 2267 498 2321 38.
533 2270 738 2329 Fronte,
765 2265 911 2328 deest
939 2272 1009 2321 in.
1029 2293 1098 2308 —
1122 2269 1211 2320 Ex
1234 2288 1365 2324 osse.

349 2341 440 2396 sic
463 2339 650 2395 Codex
672 2341 869 2412 Regius
892 2342 976 2407 A;
1008 2354 1061 2397 et
1078 2341 1260 2399 Codex
1277 2346 1325 2399 Β
1342 2383 1361 2413 ,

346 2440 413 2474 ez·
451 2424 625 2486 hoste,
666 2421 842 2473 somn
888 2440 918 2474 e
962 2420 1141 2491 glossa.
1177 2424 1275 2476 Ed.
1297 2449 1364 2466 ——-

346 2501 593 2569 Palpilat.
636 2499 796 2553 Multi
822 2538 839 2566 ,
889 2504 1155 2562 calcitrat,
1217 2501 1363 2571 quod

347 2579 540 2646 etiam,
576 2577 685 2631 ΧΠ
712 2617 729 2644 ,
760 2579 860 2645 240
881 2617 898 2644 ,
932 2587 987 2632 et
1010 2577 1162 2647 alibi,
1196 2597 1363 2649 repe-

346 2660 499 2714 ritur.
511 2658 788 2713 —Nostris
800 2678 1010 2729 quoque
1030 2659 1236 2731 Regiis,
1260 2664 1365 2714 cal·

348 2743 507 2793 citt-at
538 2758 555 2791 .·
591 2737 760 2792 lenius
811 2738 1034 2792 verbum
1050 2776 1066 2804 ‚
1102 2742 1362 2806 palpitat,-

347 2817 505 2873 lectio
545 2827 728 2871 tamen
766 2821 1006 2872 calcitrat
1055 2817 1362 2872 anctoritate

352 2895 617 2951 Codicum
637 2905 902 2966 prestans.
918 2894 1075 2951 Dicto
1097 2896 1213 2951 loeo
1229 2936 1246 2963 ,
1265 2916 1363 2952 eo-

350 2973 475 3028 dem
497 2992 653 3028 sensu
665 3013 683 3039 ‚
706 2977 914 3027 madida
927 2979 1187 3041 resupinus
1207 2994 1365 3029 mna

349 3058 591 3109 calc-itm!
598 3071 617 3119 ‚⁸
635 3052 849 3107 AEneid.
874 3053 927 3106 X
939 3093 954 3121 ‚
984 3053 1080 3124 730
1097 3055 1370 3107 :Sternitur

348 3135 536 3203 infeli:-
545 3136 601 3188 A
600 3152 720 3186 σωκ
731 3173 748 3196 ,
758 3139 813 3186 et
818 3135 1045 3186 culcibus
1050 3139 1214 3185 almus
1236 3133 1366 3186 Tun·

350 3216 434 3266 dit
448 3214 647 3265 bunun
661 3215 942 3278 exspirans.
965 3208 1256 3264 Famabius
1271 3208 1367 3279 qui

353 3287 584 3342 admittit
625 3290 864 3341 calcitrat
895 3284 998 3339 hoc
1036 3286 1257 3339 verbum
1291 3286 1366 3339 ita

353 3368 758 3438 interpretatur:
795 3388 824 3413 κ
865 3366 1022 3420 More
1064 3364 1367 3420 cadentium

356 3468 386 3495 s
409 3446 468 3500 in
489 3443 667 3500 ade'et
680 3464 855 3517 pugna
871 3485 887 3513 ‚
903 3444 993 3514 qui
1007 3484 1022 3512 ‚
1045 3447 1131 3513 λα’-ξ
1148 3453 1238 3497 ant
1256 3445 1369 3513 3845

354 3545 386 3572 a·
409 3523 547 3594 apud
573 3534 751 3593 poetas
769 3561 786 3590 ‚
824 3532 1021 3576 terram
1047 3519 1283 3591 ingratiis
1314 3528 1369 3572 et

355 3621 385 3648 »
412 3599 751 3671 indignanter
771 3599 1010 3653 salutant.
1037 3620 1064 3645 το
1087 3598 1371 3651 Est—In-

353 3681 545 3731 domita
565 3719 580 3742 ,
612 3679 907 3745 ἆσῖμαστος,
932 3674 1281 3746 implacabilis.
1302 3702 1371 3717 —

359 3758 555 3824 Vulgus
582 3794 597 3816 ,
649 3755 841 3808 milites
883 3753 1107 3824 gregarii
1132 3773 1148 3816 ς
1188 3753 1370 3806 confer

351 3851 567 3888 versum
585 3850 697 3901 ²⁰7·
715 3834 1016 3901 Consti-eieci,
1038 3831 1369 3901 unajaciunt.

355 3911 564 3967 Confer
584 3927 709 3964 cum
742 3907 842 3963 hoc
872 3907 1058 3962 ardore
1092 3909 1236 3975 ΧΠ,
1275 3911 1371 3976 ²4⁰

353 4011 466 4063 sqq.
483 3990 953 4056 ——Seprohibeuffi
977 3988 1254 4059 prohibere
1263 4008 1370 4043 vo-

355 4069 496 4124 lente
512 4108 529 4137 ,
571 4066 918 4137 improbante.
943 4093 1012 4106 —
1036 4070 1125 4122 Ea
1153 4072 1359 4134 moreti,

357 4165 484 4204 eum
506 4145 794 4202 tumultum
816 4143 1039 4201 excitari.

1525 1882 1605 1949 46.
1635 1884 1840 1938 Bellica
1878 1886 2064 1939 Pallas
2098 1893 2198 1938 ete.
2252 1883 2433 1938 Heroa
2454 1922 2468 1950 ‚

1458 1980 1617 2032 quern
1648 1963 1790 2018 inter
1821 1964 2221 2035 prmtissim
2243 1962 2473 2032 pericula

1455 2041 1651 2094 servari
1671 2040 1889 2110 volunt,
1927 2061 1958 2096 a
1991 2042 2216 2095 numine
2242 2038 2472 2110 quodam

1453 2117 1537 2172 vel
1571 2128 1769 2172 tectum
1785 2159 1801 2186 ,
1829 2119 1911 2172 vel
1936 2119 2271 2173 admonitum
2300 2129 2469 2188 poeto

1453 2193 1682 2263 fingunt.
1697 2195 1785 2249 Sic
1800 2195 1908 2248 xn
1922 2233 1939 2262 ‚
1959 2197 2060 2267 359
2073 2194 2331 2261 ,Theseus
2342 2197 2473 2247 Pal-

1453 2273 1605 2325 lados
1623 2274 1880 2325 admonitu
1900 2281 2060 2326 tutus.
2079 2274 2262 2326 Pallas
2293 2282 2472 2326 antem

1456 2348 1654 2402 Perseo
1685 2348 1745 2402 in
1767 2349 2013 2403 omnibus
2030 2349 2305 2403 itineribus
2333 2347 2473 2402 ade-

1453 2434 1553 2480 rat.
1573 2453 1644 2468 -·
1663 2426 1747 2480 De
1775 2429 1963 2495 Λαίδα
1984 2427 2100 2496 ejus
2120 2426 2264 2480 loeus
2287 2425 2469 2481 classi-

1455 2520 1548 2556 cus
1569 2503 1798 2557 Homeri
1824 2503 1885 2558 Il.
1908 2504 1955 2558 B
1969 2543 1986 2572 ‚
2016 2506 2110 2574 447
2127 2521 2238 2573 sqq.
2256 2531 2325 2546 —
2343 2504 2473 2556 ffl-

1456 2587 1594 2635 trem.
1619 2581 1796 2636 Etiam
1810 2580 1984 2651 Orph.
2005 2580 2071 2635 de
2095 2581 2221 2652 Lap.
2245 2597 2318 2634 xv
2335 2621 2352 2648 ,
2378 2584 2471 2649 42,

1455 2668 1725 2728 κασίγνητος
1740 2699 1757 2728 ‚
1793 2678 2073 2730 germanus
2090 2698 2108 2727 ,
2132 2659 2411 2713 Minent-

1523 2739 1602 2809 47.
1636 2737 1796 2791 Athis
1811 2777 1825 2800 ‚
1859 2755 1993 2808 puer
2013 2747 2169 2792 tener
2189 2747 2244 2790 et
2268 2734 2441 2789 mollis
2454 2775 2472 2802 ,

1458 2814 1636 2884 quales
1654 2815 1826 2871 solent
1843 2814 2083 2871 Orientis
2101 2814 2282 2886 populi
2298 2854 2314 2882 ,
2339 2832 2476 2884 quo-

1456 2911 1580 2946 rum
1599 2893 1761 2948 etiam
1776 2892 1843 2947 ad
1861 2895 2055 2948 fastum
2067 2902 2284 2947 ornatus
2301 2931 2317 2959 ‚
2342 2893 2477 2945 sorte

1455 2968 1797 3025 adumbratus
1817 2979 1898 3025 est
1917 2990 1947 3024 e
1974 2970 2124 3040 Virg.
2149 2970 2230 3023 lx
2247 3007 2266 3044 ,
2294 2970 2408 3023 581.

1524 3050 1604 3116 48,
1640 3050 1892 3102 limate.
1923 3048 1992 3103 ln
2013 3047 2117 3102 boe
2139 3046 2357 3101 nornine
2379 3063 2476 3098 va-

1456 3124 1599 3180 riant
1642 3125 1808 3180 Mss.
1844 3125 2097 3180 Heinsius
2136 3123 2474 3180 scribendum

1457 3212 1638 3257 censet
1659 3204 1941 3265 hinnulis,
1975 3204 2065 3257 cite-3
2087 3215 2168 3264 τῖς
2187 3211 2362 3272 λίμνης.
2382 3201 2475 3257 Sic

1459 3280 1601 3352 apud
1622 3279 2047 3336 Lacedemouio·
2063 3280 2200 3337 culta
2217 3283 2317 3336 suit
2338 3283 2475 3334 Lia-

1459 3365 1600 3413 nath
1616 3359 1790 3413 Diana
1807 3398 1824 3427 ‚
1844 3358 1981 3414 dicta
1994 3380 2024 3415 a
2044 3360 2246 3416 Limnis
2262 3360 2472 3432 oppido.

1461 3437 1629 3493 Addit
1649 3436 1794 3492 idem
1813 3449 1868 3493 et
1878 3440 2288 3512 [innaciaslegi
2304 3459 2471 3511 posse,

1460 3534 1590 3570 nam
1611 3523 1884 3577 λιμναίἡς
1901 3535 2010 3571 esse
2024 3517 2284 3591 nymphas
2301 3517 2477 3588 palus-

1460 3606 1661 3651 tres.-·
1676 3597 1740 3650 In
1762 3597 1953 3651 nostris
1969 3598 2149 3668 Regiis
2163 3607 2474 3667 corruptum

1463 3686 1544 3731 est
1565 3675 1667 3730 hoc
1682 3693 1880 3730 nomen
1897 3677 2188 3747 proprium.
2203 3704 2272 3718 -
2290 3679 2475 3731 Vanis

1462 3755 1557 3806 snb
1600 3752 1732 3819 (in)
1773 3758 1952 3808 amr.
1976 3755 2160 3808 Austris
2195 3771 2294 3823 pro
2326 3756 2476 3807 nudie

1465 3838 1753 3901 agnoscunt
1801 3830 2004 3900 primus
2053 3831 2359 3886 Basileensis
2418 3842 2475 3886 et

1463 3910 1758 3980 fragmenta
1780 3909 2074 3964 Zalichem.
2110 3910 2252 3965 unde
2274 3911 2473 3980 recepit

1464 3988 1734 4044 Heinsius.
1758 4017 1827 4032 —
1868 3987 2089 4045 Codices
2124 3991 2290 4046 nostri
2318 3989 2473 4059 Regii

1463 4066 1661 4122 habent
1675 4072 1859 4135 andin·
1886 4068 2123 4125 usitatius
2143 4080 2223 4126 est
2241 4072 2475 4124 mdcvi-

1465 4151 1574 4201 ina
1598 4164 1759 4216 quam
1780 4154 1980 4204 autum
1996 4153 2230 4210 vt‘treum3
2246 4142 2376 4198 nihil
2396 4151 2477 4194 ta-
