2975 4784
676 373 1713 473 METAMORPHO'SEON
1763 407 1958 474 Lm.
2007 409 2157 476 111.

2348 409 2476 480 265

361 544 539 615 Tum
571 569 842 642 quoque
876 570 983 629 se,
1017 560 1372 644 postquam
1405 561 1509 618 est
1542 544 1798 617 inferna
1832 544 1984 619 sede
2013 563 2351 649 receptus,

357 661 442 733 In
469 657 715 759 Stygia'
731 658 1071 757 spectabat
1106 688 1274 760 aqua
1303 690 1318 732 ε
1348 659 1659 762 planxere
1692 688 1952 735 sorores

2384 684 2482 737 505

357 773 685 859 Naiades3
720 790 788 847 et
812 792 1025 847 sectos
1055 773 1242 848 fratri
1276 804 1558 876 posuere
1589 776 1867 876 capillos
1897 805 1914 849 :

362 888 684 961 Planxere
716 905 784 962 et
818 888 1117 988 Dryades
1146 919 1162 961 z
1191 888 1668 991 plangentibus
1704 891 1983 966 adsonat
2011 890 2218 965 Echo.

362 1006 649 1104 Jamque
676 1031 949 1098 rogum,
978 1033 1377 1106 quassasque
1406 1006 1617 1094 faces,
1648 1006 2098 1108 feretrumque
2123 1007 2480 1106 parabant:

362 1127 715 1226 Nusquam
746 1155 992 1227 corpus
1029 1146 1167 1201 erat
1197 1158 1213 1201 :
1241 1158 1547 1204 croceum
1578 1158 1706 1231 pro
1740 1158 2017 1230 corpore
2050 1129 2279 1203 florem

366 1249 765 1335 Inveniunt,
797 1247 977 1322 foliis
1008 1250 1298 1324 medium
1332 1252 1758 1347 cingentibus
1790 1251 1981 1326 albis.

2392 1271 2488 1325 510

466 1372 589 1443 VI.
619 1372 907 1468 Cognita
935 1401 1040 1447 res
1073 1372 1374 1448 meritam
1405 1374 1539 1449 vati
1568 1403 1691 1476 per
1719 1373 2049 1449 Achaidas
2082 1373 2283 1447 urbes

366 1577 676 1632 attributivo
686 1578 769 1632 vel
787 1578 1043 1646 adjectivo
1053 1600 1157 1634 nos·
1177 1580 1273 1635 ista
1288 1580 1385 1635 de-

364 1656 610 1724 signetur
627 1694 642 1720 ,
677 1655 818 1724 quod
856 1667 1032 1724 tamen
1059 1676 1267 1711 necesse
1290 1677 1385 1711 es·-

365 1744 452 1788 set
471 1774 488 1799 ,
514 1754 643 1787 mors
662 1735 1048 1805 preferendum
1066 1755 1271 1790 censeo.
1286 1739 1387 1789 Ed.

363 1842 439 1854 —
459 1816 709 1867 Dominus
732 1818 996 1878 latuimus,
1034 1827 1093 1869 ut
1118 1816 1197 1868 Vl
1216 1856 1232 1882 ‚
1260 1816 1384 1879 560,

360 1895 572 1945 dommo
584 1895 779 1960 bingae.
800 1895 942 1945 —Ia
959 1895 1139 1963 Stnrz‘a
1150 1902 1248 1946 etc.
1266 1891 1387 1944 Ma-

370 1989 468 2024 nes
490 1971 638 2024 enim
676 1971 732 2023 in
766 1971 975 2024 inferna
999 1971 1123 2026 sede
1148 1980 1393 2025 exercent

369 2047 543 2101 studia
583 2048 799 2117 antiqua
840 2067 853 2100 2
887 2048 1004 2102 vide
1043 2048 1109 2102 ad
1148 2047 1249 2114 lv,
1276 2049 1389 2114 445.

376 2127 554 2181 Nihilo
589 2138 769 2180 tamen
792 2128 985 2198 ‘minus
1020 2128 1215 2182 Noster
1246 2145 1393 2179 nune

372 2205 591 2274 ingenio
610 2205 797 2258 abusus
811 2215 912 2258 est:
925 2207 1095 2277 Slygis
1109 2204 1254 2257 enim
1278 2214 1392 2257 tur-

373 2281 498 2335 bida
520 2302 651 2353 aqua
662 2294 718 2337 et
736 2283 864 2335 limo
884 2283 1039 2353 plena
1060 2300 1171 2336 non
1187 2291 1393 2351 poterat

368 2363 653 2431 spectantis
674 2364 902 2416 sormam
925 2360 1165 2416 reddere.

441 2443 558 2494 505.
576 2443 826 2494 Planxere
840 2460 1046 2493 sorores.
1066 2437 1223 2509 Apud
1239 2436 1395 2491 Clau·

373 2517 515 2579 dian.
526 2519 579 2572 d.
591 2519 623 2572 l.
637 2520 689 2574 N
691 2520 936 2574 arcissum
935 2519 1116 2587 stacta
1128 2521 1395 2587 Cephessus

372 2601 621 2651 arundine
661 2603 814 2667 luget.
859 2626 926 2640 -
957 2600 1131 2652 Saeclos
1165 2600 1395 2665 capillos.

374 2675 455 2729 Ex
466 2695 618 2729 more
633 2676 994 2746 antiquissimo
1007 2676 1244 2730 solebant
1258 2692 1396 2727 mor·

372 2764 594 2807 tuorum
609 2755 824 2808 tumulis
833 2755 959 2808 secti
971 2755 1275 2823 capillorum
1290 2753 1398 2806 ein-

374 2831 520 2885 cinni
546 2831 766 2901 imponi.
786 2859 855 2872 —
871 2831 1146 2900 Quoniam
1170 2832 1227 2885 in
1250 2831 1395 2885 Gro-

376 2910 610 2962 noviano
618 2907 794 2976 small
798 2929 1011 2977 posuere
1028 2920 1190 2964 exstat
1210 2948 1225 2976 ,
1251 2909 1397 2962 Bur-

376 3006 611 3040 mannus
655 2986 982 3054 conjecturat
1016 2985 1166 3053 soule'
1188 3025 1203 3047 ,
1269 2995 1398 3037 tan-

383 3084 545 3135 quam
585 3064 739 3118 busto
779 3065 1018 3119 Narcissi.
1054 3091 1122 3107 ·-
1155 3065 1277 3117 Non
1303 3062 1400 3115 in-

378 3143 548 3196 fausta
576 3141 877 3195 Burmanni
906 3143 1223 3211 conjectura.
1258 3141 1396 3194 Nos-

378 3220 449 3272 tri
468 3230 650 3274 tamen
664 3217 889 3274 Codices
901 3219 1273 3286 habentsmtri.
1299 3217 1401 3270 Ed.

378 3324 448 3336 -
468 3299 663 3349 Ponere
686 3296 921 3350 solemne
951 3297 1007 3349 in
1041 3295 1401 3350 consecratio-

377 3373 552 3427 nibus.
581 3374 821 3427 Tibullus
838 3414 854 3440 ‚
898 3374 922 3426 Ι
947 3412 962 3440 ,
992 3391 1014 3426 1
1033 3413 1049 3440 ‚
1081 3375 1173 3440 14,
1198 3391 1402 3441 pomum

370 3455 698 3519 ponemDeo.
718 3454 922 3506 Mirum
935 3464 1111 3506 autern
1125 3463 1222 3519 est,
1235 3452 1404 3524 Nym-

378 3530 514 3600 phas
532 3551 701 3599 rogum
720 3542 775 3585 et
782 3532 1024 3600 feretrum
1049 3550 1267 3602 parasse.

451 3611 566 3666 508.
612 3614 948 3680 Quassasque.
986 3611 1205 3681 Septem
1240 3608 1404 3665 MSS.

380 3710 674 3758 cassasque.
700 3690 763 3743 ld
794 3690 1135 3744 Burmannus
1155 3690 1403 3759 explicat,

381 3786 505 3837 quae
541 3779 753 3821 resectae
795 3768 859 3821 ab
900 3770 1084 3822 arbore
1114 3786 1270 3821 succo
1310 3785 1406 3820 suo

380 3856 570 3900 carent
588 3857 643 3899 et
664 3846 1243 3914 aridaesunte-Nostri,
1262 3863 1407 3914 quas·

382 3944 583 3994 sasque.
639 3925 711 3979 Et
749 3935 929 3997 arguta
967 3928 1104 3981 sorte
1146 3924 1409 3978 videbitur

382 4004 662 4074 explicatio
704 4004 1017 4058 Burmanni.
1076 4005 1268 4056 Cassas-
1311 4021 1408 4071 pro

385 4102 609 4150 quassas
640 4084 893 4153 scriptum
927 4085 1081 4138 fuisse
1103 4103 1133 4137 a
1157 4081 1406 4146 librariis,

392 4174 447 4217 et
486 4162 679 4219 eodem
714 4184 867 4219 sensu
884 4204 901 4234 ,
935 4165 1049 4237 quis
1083 4164 1407 4231 demiretur,

1481 1603 1649 1655 quum
1670 1584 1876 1638 sciverit
1900 1583 2170 1653 quomodo
2193 1593 2314 1637 ante
2343 1591 2499 1655 typo-
2547 1617 2552 1621 -

1482 1663 1751 1733 graphium
1776 1673 2041 1733 repertam
2068 1662 2423 1716 scriberentur
2443 1661 2499 1714 li-

1482 1740 1565 1794 bri
1584 1741 1609 1793 ?
1646 1741 1838 1795 scilicet
1861 1741 1968 1794 duo
1990 1780 2007 1808 ‚
2040 1751 2177 1808 tres,
2200 1740 2284 1792 vel
2324 1738 2498 1809 plures

1482 1819 1663 1872 scribe
1687 1830 1809 1872 ante
1833 1819 2070 1889 pluteum
2089 1858 2105 1886 ,
2124 1817 2354 1872 dictante
2378 1836 2500 1869 ver-

1482 1895 1549 1950 ba
1577 1897 1822 1967 magistro
1841 1936 1857 1964 ,
1878 1896 2194 1959 exarabant;
2231 1905 2315 1960 et,
2341 1902 2498 1964 prout

1484 1975 1701 2045 quisque
1727 1976 1924 2045 peritus
1943 1986 2096 2043 esset,
2117 1974 2248 2028 alter
2261 1991 2494 2041 quassas,

1485 2053 1617 2106 alter
1628 2072 1810 2106 cassas
1825 2054 1880 2106 in
1893 2072 1990 2106 suo
2004 2051 2182 2106 codice
2195 2050 2502 2120 reponebat.

1487 2129 1743 2182 Similiter
1765 2145 1828 2182 ex
1853 2130 2098 2182 omnibus
2123 2127 2261 2180 bisce
2295 2125 2504 2179 mendis

1489 2225 1606 2275 quae
1633 2206 1688 2258 in
1713 2206 1903 2260 nostris
1921 2205 2121 2275 scriptis
2141 2204 2284 2258 libris
2307 2222 2503 2258 occur-

1488 2293 1633 2336 runt.
1657 2285 1824 2336 Ed.—
1838 2286 2074 2350 Qualem,
2103 2300 2366 2350 quassare,
2385 2300 2508 2349 peru-

1488 2368 1654 2413 culere
1674 2361 1831 2429 saces
1849 2401 1862 2422 ‚
1895 2359 2137 2413 formula
2164 2360 2342 2415 ohvioe.
2380 2359 2502 2413 Vid.

1490 2438 1743 2492 Heinsius
1770 2437 1836 2492 ad
1874 2438 1987 2506 IV,
2022 2439 2132 2506 758.
2158 2439 2502 2492 Jactabantur

1490 2517 1637 2570 enim
1652 2517 1793 2570 inter
1806 2515 2059 2570 eundum.
2071 2544 2141 2557 —
2155 2518 2503 2584 Cmcenmflo-

1490 2617 1606 2651 tem.
1645 2598 1963 2652 Narcissum.
2002 2597 2123 2651 Flos
2157 2596 2243 2650 hic
2269 2595 2386 2650 Diis
2420 2595 2507 2648 in-

1491 2676 1615 2731 seris
1642 2695 1787 2730 sacer
1821 2675 2069 2746 fingitur,
2108 2687 2170 2730 ut
2198 2676 2288 2744 qui
2320 2674 2506 2728 floreat

1493 2767 1702 2811 tantum
1730 2767 1786 2811 et
1831 2766 2090 2823 transeat,
2124 2775 2299 2825 neque
2339 2755 2507 2807 ullum

1494 2829 1640 2889 ηδε
1681 2835 1912 2888 fructum
1943 2832 2099 2898 edat;
2126 2835 2199 2888 ita
2221 2844 2275 2887 et
2299 2833 2509 2903 ingenia

1494 2912 1743 2982 praecocia
1766 2912 1906 2967 haud
1932 2912 2077 2967 facile
2102 2910 2420 2982 perveniunt
2442 2908 2506 2962 ad

1494 2990 1717 3059 frugem.
1731 2992 1908 3043 Ed.·—·
1922 2993 2043 3044 Flos
2056 3000 2233 3043 autem
2249 2985 2333 3040 ille
2350 2985 2508 3039 etiam

1495 3067 1653 3122 hodie
1677 3069 1818 3136 juxta
1835 3068 2150 3123 Heliconem
2164 3066 2419 3137 plurimus
2432 3084 2510 3117 re·

1496 3145 1699 3214 peritur
1715 3184 1731 3210 ‚
1770 3156 1829 3199 ut
1853 3154 2033 3199 narrat
2057 3145 2309 3199 Chandler
2332 3142 2390 3194 in
2415 3140 2512 3194 lti-

1497 3242 1614 3278 ner.
1635 3242 1746 3292 cap.
1768 3224 1849 3289 64.

1569 3305 1596 3354 5
1606 3321 1625 3354 t
1639 3321 1732 3369 1-7
1739 3301 1818 3354 33.
1844 3302 2059 3371 Cqffm'la
2073 3320 2153 3355 res
2169 3304 2392 3354 actilens
2416 3306 2513 3350 etc.

1499 3379 1736 3435 Bacchus
1755 3419 1772 3444 ,
1807 3397 2052 3433 emensus
2085 3379 2273 3434 multas
2305 3389 2471 3430 terras
2494 3415 2512 3444 ,

1501 3458 1711 3513 Thebas
1719 3457 1880 3512 venit.
1897 3457 2166 3512 Pentheus
2179 3454 2515 3522 vero‚Echio·

1500 3537 1582 3590 nis
1605 3536 1741 3589 filius
1762 3575 1778 3602 ‚
1806 3534 1997 3593 Cadmi
2020 3555 2083 3589 ex
2107 3536 2284 3605 Agave
2314 3552 2480 3603 nepos
2495 3573 2512 3601 ‚

1499 3616 1584 3670 cui
1613 3613 1850 3669 Cadmus
1878 3615 2164 3686 imperium
2186 3611 2472 3667 tradiderat
2496 3651 2511 3679 ,

1501 3712 1668 3764 quum
1703 3712 1846 3747 sacra
1876 3712 2012 3746 nova
2049 3692 2281 3762 accipere
2307 3690 2471 3744 nollet
2497 3729 2513 3757 ,

1500 3771 1871 3841 Bacchumque
1887 3771 2022 3824 adeo
2046 3769 2342 3824 interficere
2364 3787 2520 3823 cona·

1502 3860 1667 3916 retur,
1684 3850 1991 3904 dilaceratus
2004 3859 2083 3903 est
2093 3849 2157 3903 ab
2175 3848 2352 3919 Agave
2364 3857 2417 3901 et
2431 3864 2517 3899 so-

1502 3928 1727 3994 roribus,
1742 3947 1870 3997 quas
1880 3927 2118 3982 Bacchus
2132 3946 2258 3980 eum
2272 3928 2329 3980 in
2348 3918 2518 3978 finem

1500 4007 1559 4059 in
1594 4008 1831 4060 furorem
1865 4006 2124 4076 adegerat.
2163 4005 2407 4058 Tractata
2442 4010 2522 4053 est

1502 4084 1613 4138 haec
1646 4085 1818 4140 sabula
1844 4094 1962 4154 post
1983 4082 2294 4155 AEschylum
2317 4118 2333 4146 ,
2370 4077 2520 4145 cujus

1502 4162 1776 4219 Pentheus
1799 4161 2000 4216 interiit
2016 4200 2033 4230 ,
2074 4160 2138 4213 ab
2174 4152 2426 4222 Euripide
2462 4153 2521 4207 in
