2975 4784
631 354 1664 426 METAMoRPnosEoN
1719 357 1919 424 Lm.
1977 306 2126 425 lv.

2282 359 2404 425 351

290 502 557 574 Laevum
589 498 970 587 Mercuri03
1005 496 1310 572 dextrum
1346 496 1473 571 tibi
1491 551 1512 584 ‚
1547 494 1786 571 bellica
1817 497 2039 594 virg03

290 618 428 690 Ara
460 618 504 688 J
508 615 650 689 ovis
681 614 900 689 media
932 630 1036 688 est
1064 642 1080 686 ε
1115 629 1442 688 mactatur
1467 640 1662 687 vacca
1692 613 2045 702 Minervae3

293 734 565 836 Alipedi
596 732 890 819 vitulum
924 749 1155 806 taurus
1188 730 1352 818 tibi,
1391 758 1643 805 suntme
1679 730 1997 804 Deorum.

295 850 614 923 Protinus
647 846 1119 922 Andromedan
1139 902 1158 934 ‚
1197 863 1264 921 et
1294 846 1459 920 tanti
1490 845 1758 947 praemia
1787 843 1946 918 facti

299 970 611 1045 Indotata
642 970 820 1072 rapit
849 999 864 1042 ε
903 969 1103 1044 taedas
1141 970 1538 1070 Hymenaeus
1565 969 1909 1068 Amorque

298 1093 704 1195 Praecipiunt
731 1122 749 1168 :
783 1091 984 1189 largis
1019 1093 1343 1166 satiantur
1372 1091 1694 1198 odoribus
1721 1091 1944 1186 ignes3

298 1310 493 1355 verunt
507 1339 522 1367 ‚
539 1297 667 1367 quid
683 1299 795 1352 veri
809 1298 907 1352 sub
919 1317 981 1351 ea
995 1298 1153 1353 lateat
1172 1315 1186 1351 ε
1209 1296 1314 1351 vid.

296 1383 523 1436 Pausan.
540 1378 784 1433 Corinth.
800 1398 851 1448 p.
865 1380 978 1447 159,
992 1378 1150 1431 ubiet
1163 1395 1315 1431 suam

294 1468 357 1511 et
371 1457 544 1522 Procli
556 1455 875 1510 sententiam
893 1457 1061 1508 affert.
1075 1455 1156 1512 Ex
1175 1456 1316 1510 Pau·

296 1539 460 1591 sanie
474 1536 720 1606 opinione
733 1575 749 1603 ‚
772 1535 1001 1588 Medusa
1022 1535 1120 1588 suit
1134 1534 1318 1603 regina

296 1635 494 1671 eorum
524 1616 835 1685 populorum
853 1653 868 1678 ‚
909 1615 1001 1683 qui
1038 1614 1104 1667 ad
1143 1613 1318 1667 lacum

297 1692 642 1749 Tritonidem
682 1694 736 1745 in
786 1692 963 1746 Africa
999 1691 1317 1745 habitabant.

300 1775 452 1827 Ausa
465 1770 549 1824 illa
561 1789 683 1824 cum
698 1771 889 1824 Perseo
903 1767 1174 1840 congredi,
1184 1768 1320 1822 victa

296 1862 385 1906 est
406 1860 463 1904 et
486 1848 752 1902 trucidats.
788 1849 1011 1902 Perseus
1034 1846 1321 1900 admiratus

298 1933 420 2000 ejus
435 1930 661 1983 sormam
672 1967 688 1992 ,
707 1939 860 1997 caput
875 1927 990 1997 ejus
1001 1926 1289 1996 amputavit
1301 1965 1318 1993 ,

300 2019 463 2078 atque
473 2025 652 2062 secum
669 2007 723 2059 in
739 2005 1000 2060 Gradam
1014 2004 1214 2071 attulit,
1230 2004 1322 2057 ubi

303 2086 569 2158 sepultum
603 2097 697 2140 est.
734 2085 1004 2139 Diodorus
1026 2123 1042 2152 ,
1078 2084 1166 2137 lib.
1203 2083 1286 2137 lv
1301 2120 1319 2151 ,

304 2178 488 2223 censet
512 2207 527 2235 ,
575 2167 733 2221 fuisse
780 2165 1059 2236 Gorgones
1102 2164 1323 2217 seminas

304 2244 570 2299 bellicosas
586 2245 643 2298 in
662 2244 857 2308 Africa,
872 2239 1324 2311 quemadmodum

309 2325 608 2378 Amazones
645 2324 703 2377 in
741 2321 955 2395 Scythia
975 2344 990 2384 ς
1036 2339 1124 2375 eas
1159 2340 1269 2375 esse
1293 2340 1326 2375 a

307 2401 504 2455 Perseo
516 2400 811 2455 debellatas.
829 2400 1004 2453 Aliam
1018 2398 1325 2469 opinionem

304 2479 639 2548 amplectitur
654 2475 883 2547 Palaeph.
894 2477 979 2543 32,
994 2475 1149 2529 aliam
1164 2475 1325 2531 etiam

303 2556 546 2624 Proetus,
563 2556 716 2610 aliam
734 2574 913 2609 rursus
924 2554 1186 2626 Didymus
1201 2575 1215 2618 ς
1231 2552 1324 2608 sed

302 2652 495 2689 omnes
528 2652 644 2688 rem
672 2634 976 2702 coniectura
999 2633 1200 2702 assequi
1222 2650 1325 2687 oo·-

304 2724 521 2766 nantur.
533 2712 765 2766 -Sacra
781 2713 905 2766 fecit
928 2724 1144 2782 propter
1162 2712 1327 2765 victo-

274 2835 279 2836 .
303 2794 441 2847 riam
458 2833 475 2860 ,
501 2809 803 2863 quanquam
824 2803 881 2847 et
902 2793 1110 2862 nuptias
1130 2791 1218 2845 illa
1240 2810 1329 2845 an-

301 2871 550 2925 tecedere
572 2871 821 2925 solebant.
848 2871 994 2925 Fecit
1016 2881 1196 2924 autem
1218 2872 1331 2924 Me·-

300 2969 468 3003 nmae
500 2961 556 3003 et
585 2950 837 3002 Mercurio
859 2989 875 3013 ,
911 2950 1100 3018 quibus
1138 2949 1326 3003 eximie

301 3045 490 3093 carus,
516 3037 572 3080 et
592 3045 622 3080 a
645 3026 832 3095 quibus
852 3025 1062 3094 adjutus
1077 3026 1133 3078 in
1158 3044 1327 3096 expe-

302 3102 514 3157 ditione
539 3115 723 3158 contra
746 3102 1029 3156 Medusam
1044 3142 1061 3170 ,
1086 3099 1226 3172 quod
1250 3121 1330 3155 re-

298 3183 443 3251 liqui
465 3183 679 3255 mythici
697 3182 886 3236 diserte
906 3182 1330 3236 tractuum-Fo-

294 3281 428 3322 cos‚
462 3265 868 3317 arasa—Dexter
875 3262 1024 3316 focus
1041 3262 1330 3330 assignatur

298 3341 591 3398 Minerva.
616 3341 855 3395 Eaenim
867 3339 990 3392 Jovi
1011 3356 1119 3408 pra
1132 3339 1330 3393 ceteris

292 3420 492 3476 liberi·
506 3439 623 3475 cara
639 3459 655 3486 ,
678 3439 914 3475 summos
940 3419 1167 3473 honores
1189 3436 1331 3470 con-

292 3509 536 3566 sequuta
551 3511 656 3563 esu
677 3500 829 3568 eique
850 3499 1010 3553 etiam
1030 3498 1130 3551 hoc
1147 3496 1331 3550 datum

286 3587 428 3633 erat
446 3616 461 3642 ,
494 3588 555 3631 ut
578 3596 787 3648 semper
809 3576 875 3636 ad
899 3576 1135 3630 dextram
1172 3575 1333 3645 patris

286 3652 555 3722 sederet,
588 3674 687 3709 nec
709 3673 945 3724 unquam
971 3674 1002 3706 a
1022 3654 1184 3707 latere
1219 3655 1333 3722 ejus

288 3732 622 3788 discederet.
659 3732 849 3785 Horat.
874 3733 929 3798 1,
969 3730 1078 3785 od.
1103 3747 1185 3784 κη
1204 3771 1220 3798 ,
1257 3751 1291 3805 9
1316 3750 1331 3785 τ

286 3808 434 3865 vide
451 3808 739 3876 spanhem.
755 3809 819 3861 ad
839 3807 1221 3862 Callimachum
1239 3848 1254 3876 ,
1281 3810 1333 3863 h.

292 3887 566 3961 Apollod.
602 3906 732 3941 vers.
767 3909 831 3959 29
847 3927 862 3953 ,
903 3897 958 3940 et
998 3887 1179 3941 Lavac.
1222 3888 1332 3942 Pal.

292 3986 450 4022 vers.
481 3966 591 4018 132.
629 3965 890 4018 Eamdem
917 3967 1076 4037 igitur
1098 3966 1334 4037 dignita-

292 4060 429 4102 tem
452 4044 500 4099 ei
521 4054 893 4097 concesserunt
914 4056 969 4097 et
984 4054 1149 4114 poetae
1172 4055 1225 4097 et
1250 4064 1333 4097 ar-

296 4121 515 4188 tificem
547 4141 779 4192 namque
817 4123 977 4177 etiam
1011 4124 1067 4176 in
1098 4124 1333 4178 nummis

1411 1296 1592 1351 multis
1606 1298 1728 1351 Jovi
1746 1301 1973 1373 σῦνθρηος
1993 1294 2283 1351 exhibetur.
2304 1295 2428 1353 Cui·

1410 1394 1517 1444 que
1541 1374 1660 1428 Deo
1682 1384 1841 1428 certa
1856 1374 2080 1429 victime
2104 1385 2260 1429 erant
2281 1375 2433 1430 desti-

1409 1464 1570 1520 nata,
1585 1464 1641 1506 et
1659 1452 1966 1517 cavebatur,
1987 1468 2059 1507 ne
2071 1457 2245 1506 aliena
2267 1456 2435 1506 hostia

1408 1532 1529 1601 quis
1540 1526 1847 1602 placaretur.
1865 1531 2002 1584 Plin.
2018 1531 2092 1584 H.
2105 1530 2335 1599 N.v111,
2350 1535 2430 1600 45.

1480 1608 1591 1676 755.
1612 1610 1985 1661 Andromedan.
2025 1606 2210 1662 Codex
2234 1610 2432 1679 Regius

1412 1684 1462 1737 B
1479 1723 1497 1752 ,
1524 1686 1916 1753 Andromeda,-
1947 1686 2200 1740 mendose
2216 1728 2231 1750 ,
2252 1697 2314 1740 ut
2329 1705 2438 1740 εε-

1414 1764 1531 1834 pius
1553 1764 1610 1817 in
1636 1763 1798 1818 MSS.
1822 1766 2042 1818 nomina
2064 1767 2276 1836 propria
2304 1784 2436 1820 cor—

1414 1854 1755 1912 rumpuntur.
1778 1844 1880 1896 Ed.
1902 1869 1971 1885 --
1993 1847 2069 1897 Et
2088 1850 2235 1896 tanti.
2261 1844 2440 1898 Hein-

1413 1921 1522 1974 sius
1544 1922 1870 1991 conjecturat
1894 1929 1954 1975 u!
1969 1927 2116 1976 tanle'.
2147 1922 2300 1992 Regii
2323 1940 2441 1975 nos-

1416 2000 1486 2053 tri
1525 1998 1725 2054 habent
1761 2009 1816 2055 et
1856 2007 2002 2054 tana.
2039 2029 2107 2043 -
2148 2000 2355 2071 Copula
2388 2008 2442 2054 e!

1416 2079 1596 2133 turbat
1616 2098 1831 2134 sensum
1849 2119 1865 2146 ,
1901 2079 2041 2149 quod
2067 2081 2228 2134 etiam
2252 2080 2440 2134 Hein-

1418 2160 1524 2213 sius
1555 2159 1750 2226 sensit,
1780 2161 1871 2229 qui
1910 2179 2030 2213 eam
2063 2170 2238 2214 mutat
2266 2160 2322 2214 in
2352 2168 2436 2215 ul.

1418 2237 1513 2293 sed
1534 2239 1723 2293 melius
1756 2240 1955 2293 abesset
1973 2278 1989 2304 ‚
2027 2250 2088 2293 ut
2107 2246 2318 2306 premia
2345 2260 2441 2311 per

1419 2317 1802 2389 appositionem
1826 2318 2066 2372 additum
2086 2330 2235 2374 esset.
2258 2347 2325 2360 —
2346 2324 2440 2373 In-

1420 2402 1601 2453 dolala
1618 2435 1632 2464 ,
1656 2398 1770 2452 sine
1797 2416 1964 2469 regno
1979 2439 1994 2467 ‚
2018 2399 2158 2468 quod
2186 2399 2295 2453 doti
2313 2420 2439 2469 pro-

1420 2477 1675 2531 miserant
1693 2488 1939 2548 parentes
1956 2518 1972 2545 ,
1990 2497 2143 2532 versu
2162 2481 2445 2547 7oS.-Ra-

1413 2561 1511 2625 pt't.
1535 2555 1688 2610 Idem
1713 2555 1965 2610 Heinsius
1981 2576 2043 2610 ex
2059 2573 2169 2610 uno
2186 2557 2441 2611 Gronovii

1423 2644 1479 2688 et
1525 2633 1822 2688 Barberino
1859 2636 2072 2703 prefert
2116 2642 2270 2704 capit.
2317 2635 2442 2690 Non

1424 2712 1682 2779 arbitror,
1709 2723 1921 2782 poetam
1953 2712 2182 2766 alludere
2207 2731 2442 2767 consue-

1424 2789 1598 2844 tudini
1619 2792 1876 2846 Romanu
1893 2831 1908 2859 ,
1934 2811 2038 2860 qua
2061 2811 2199 2844 nova
2224 2801 2388 2860 nupta
2413 2810 2441 2844 e

1424 2870 1627 2941 gremio
1642 2872 1824 2926 matris
1837 2876 1957 2937 rape·
1966 2872 2446 2940 simulabatur-‚quse

1423 2960 1536 3003 erat
1556 2948 1834 3004 Constant.
1854 2950 2077 3004 Fanens.
2095 2951 2302 3019 opinio;
2319 2949 2412 3004 sed
2427 2991 2442 3016 ,

1421 3029 1465 3081 si
1493 3028 1647 3083 lectio
1667 3049 1794 3083 sana
1818 3069 1833 3096 ,
1858 3028 1959 3084 hoc
1978 3030 2200 3083 verbum
2214 3030 2360 3101 capio
2378 3029 2444 3083 de

1425 3107 1614 3162 ardore
1652 3118 1707 3163 et
1748 3109 2081 3162 festinatione
2101 3154 2117 3180 ‚
2166 3128 2266 3178 qua
2300 3109 2443 3163 laetus

1425 3187 1652 3240 Perseus
1670 3226 1686 3252 ,
1710 3196 1883 3256 spreta
1906 3187 2029 3241 dote
2045 3227 2061 3254 ,
2094 3187 2320 3257 puellam
2351 3188 2443 3258 ip-

1424 3282 1538 3317 sam
1560 3264 1656 3317 sibi
1674 3262 1902 3315 vindicat
1917 3301 1933 3329 ‚
1961 3274 2015 3317 et
2033 3264 2097 3317 ad
2121 3265 2319 3336 regiam
2343 3265 2446 3319 Ce-

1426 3343 1550 3414 phei
1572 3343 1732 3396 ducit.
1760 3343 1905 3395 Hinc
1928 3342 2088 3397 etiam
2112 3344 2320 3399 additur
2331 3365 2446 3414 pro·

1427 3428 1568 3476 liuns
1588 3430 1642 3473 et
1664 3421 1913 3472 indolata.

1497 3500 1607 3568 758.
1630 3500 1946 3565 Pmct‘pzbnl.
1984 3495 2235 3552 Heinsius
2258 3518 2287 3553 e
2310 3498 2446 3552 Flo-

1428 3578 1644 3644 rentino
1665 3578 1720 3631 S.
1745 3576 1913 3631 Marri
1946 3588 2216 3648 receperat
2238 3598 2444 3647 pmcn-

1429 3662 1590 3721 te‘un15
1623 3655 1778 3725 vulgo
1815 3655 2085 3725 legebatur
2108 3662 2405 3724 precipiunt
2421 3696 2435 3721 ‚

1431 3733 1576 3804 qnod
1600 3733 1794 3789 habent
1816 3752 2025 3803 quoqne
2057 3736 2220 3788 nostri
2257 3735 2443 3805 Regii,

1431 3826 1484 3869 et
1518 3814 1903 3868 restituendum
1929 3815 2257 3876 censuimus;
2283 3834 2406 3869 nam
2426 3854 2442 3880 ,

1431 3910 1555 3960 pace
1587 3891 1941 3944 recentiorum
1976 3890 2210 3959 dicatur,
2236 3911 2442 3959 preca-

1428 3975 1565 4022 lien!
1582 3981 1658 4024 est
1692 3989 1790 4022 vox
1819 3970 2036 4023 barbara
2070 3970 2217 4038 cuius
2254 3990 2443 4025 exem-

1429 4046 1576 4116 plum
1612 4047 1816 4101 nullum
1855 4048 1909 4100 in
1953 4048 2245 4102 auctoribus
2278 4066 2444 4117 repe-

1428 4126 1596 4191 ritur3
1615 4144 1779 4196 quare
1795 4132 2031 4193 precam
2056 4125 2198 4196 quod
2221 4125 2364 4179 vides
2387 4126 2442 4175 in
