2975 4784
488 365 610 431 150

1007 362 1087 427 P.
1163 360 1526 428 OVIDII
1578 355 2032 425 NASONIS

486 535 520 566 n
564 502 797 573 Sectus
829 498 897 570 in
933 495 1285 598 obliquum
1321 514 1420 571 est
1451 495 1587 570 lato
1620 496 1988 571 curvamine
2023 493 2242 581 limes,

2509 520 2600 569 130

429 665 450 686 .
482 655 515 687 »
558 625 1013 721 Zonarumque
1050 619 1250 693 trium
1283 635 1637 693 contentus
1670 616 1830 704 fine3
1865 615 2227 719 polumque

484 782 517 812 υ
560 744 859 842 Effugito
891 742 1270 830 australem,
1306 744 1729 843 junctamque
1759 740 2187 843 aquilonibus
2220 741 2497 814 Arcton.

483 903 517 935 »
564 871 705 942 Hae
738 867 816 941 fit
849 869 1010 955 iter3
1048 867 1388 942 manifesta
1421 883 1586 940 rotae
1616 866 1889 962 vestigia
1924 894 2168 939 cernes.

483 1027 515 1057 »
555 994 782 1094 thue
815 991 1029 1064 ferant
1062 1019 1287 1091 aequos
1314 1007 1380 1064 et
1416 986 1645 1063 caelum
1673 1005 1740 1061 et
1775 1005 1943 1061 terra
1976 985 2259 1074 calores»,
2286 1005 2292 1012 ‘

484 1150 517 1180 »
559 1119 695 1189 Nec
721 1143 974 1214 preme,
1008 1141 1127 1187 nec
1153 1140 1478 1186 summum
1507 1111 1742 1186 molire
1766 1138 1886 1212 per
1910 1108 2153 1184 aethera
2175 1137 2462 1182 currum.
2510 1128 2600 1182 135

483 1272 518 1303 »
558 1237 779 1311 Altius
817 1263 1149 1334 egressu8‚
1189 1233 1469 1309 caelestia
1504 1252 1674 1308 tecta
1710 1233 2077 1319 cremabis;

482 1393 518 1424 »
562 1359 877 1445 Inferiu8‚
918 1377 1120 1432 terras
1150 1387 1165 1431 :
1197 1357 1416 1432 medio
1455 1357 1828 1432 tutissimus
1860 1355 2013 1428 ibis.

487 1517 519 1547 «
561 1484 707 1555 Neu
745 1499 807 1554 te
841 1480 1168 1554 dexterior
1198 1497 1453 1554 tortum
1484 1477 1769 1554 declinet
1794 1478 1866 1550 in
1900 1503 2178 1574 anguem
2203 1532 2222 1560 ‚

486 1637 521 1669 »
566 1606 744 1677 Neve
777 1602 1149 1676 sinisterior
1179 1630 1471 1703 pressam
1505 1618 1651 1675 rota
1686 1600 1884 1674 ducat
1917 1598 2000 1673 ad
2030 1626 2249 1685 aram;

552 1849 569 1880 ι
577 1829 659 1882 3ο.
675 1830 895 1881 Scelus...
906 1831 1066 1879 lebes.
1078 1826 1375 1897 Descriptio
1388 1829 1487 1881 Zo-

444 1955 449 1958 ,
480 1906 611 1961 diaci
628 1946 643 1974 ‚
681 1905 875 1960 Grecis
899 1925 927 1959 a
949 1905 1118 1959 forma
1141 1910 1285 1974 Λοξὸς
1302 1945 1318 1972 ,
1345 1905 1488 1958 obli-

481 2005 643 2055 quus,
684 1984 820 2038 dicti.
851 1984 994 2053 virg.
1034 1983 1225 2054 Georg.
1252 1984 1307 2050 Ι,
1354 1983 1489 2035 238:

488 2069 588 2119 Via
608 2070 747 2117 secla
762 2083 858 2130 per
875 2066 1055 2116 ambas
1076 2064 1096 2130 (
1118 2081 1272 2116 zonas
1295 2073 1498 2131 tempe-

475 2141 686 2212 ratas),
721 2144 968 2210 Obliquus
1002 2161 1102 2211 qua
1142 2160 1199 2193 se
1245 2146 1497 2210 signorum

479 2228 687 2274 vetlem!
703 2223 840 2274 ordo.
879 2220 928 2272 T
931 2231 1049 2274 otus
1068 2220 1213 2273 locus
1238 2220 1436 2289 optime
1465 2238 1495 2272 e

478 2298 678 2369 sphera
700 2296 1020 2365 intelligitur.

553 2377 659 2429 131.
679 2377 1025 2443 Zonarumque
1044 2379 1192 2427 trium
1211 2383 1308 2428 etc.
1327 2375 1498 2428 Nam-

481 2474 583 2523 que
616 2453 870 2506 zodiacus
903 2463 1152 2505 curvatur
1182 2471 1277 2521 per
1308 2471 1496 2505 zonam

478 2530 729 2585 torridam
750 2569 766 2595 ‚
791 2539 845 2582 et
861 2528 1066 2597 attingit
1066 2532 1207 2599 fines
1227 2528 1497 2599 utriusque

482 2618 799 2678 temperatas.
831 2606 1090 2675 Loquitur
1116 2618 1291 2660 autem
1316 2627 1498 2662 rursus

479 2690 586 2756 ita,
628 2688 771 2758 quasi
800 2697 939 2740 totus
962 2686 1216 2741 Zodiacus
1258 2705 1371 2764 unq
1410 2687 1496 2741 die

482 2764 867 2838 percurrendus
890 2774 1037 2818 esset.

552 2848 659 2901 132.
681 2847 988 2900 Australem.
1012 2844 1194 2913 Eurip.
1218 2844 1346 2913 frag.
1374 2860 1459 2897 vn
1481 2861 1496 2895 2

482 2916 580 2980 1².)oe
617 2931 665 2978 δὲ
707 2929 827 2992 μηδὲ
871 2927 1063 2978 Azenia·
1094 2919 1233 2996 atocp’
1274 2924 1494 2989 ε’μόαλών.

479 3003 746 3055 -Ανείω,
766 3003 902 3056 Ursa
916 3041 930 3068 ,
947 3000 1136 3071 duplex
1151 2999 1226 3056 sid
1234 3020 1292 3054 us
1306 3000 1362 3054 in
1375 3000 1498 3070 polo

481 3078 874 3146 septentrionali
902 3098 915 3132 ε
940 3080 1129 3134 Arctos
1150 3078 1342 3147 major,
1365 3097 1501 3131 con-

481 3166 621 3209 stans
644 3154 803 3207 stellis
815 3156 1000 3220 XXV;
1025 3168 1078 3211 et
1095 3157 1284 3210 Arctos
1299 3156 1495 3223 minor,

483 3250 599 3302 quie
632 3230 790 3284 habet
819 3233 990 3287 stellas
1014 3234 1138 3289 Vll.
1178 3236 1310 3290 Haec
1341 3254 1499 3288 voca-

481 3322 570 3365 tur
615 3308 777 3364 etiam
828 3310 1087 3380 Cynosura
1110 3353 1124 3375 ,
1182 3313 1268 3367 illa
1304 3315 1497 3367 Helice.

484 3389 669 3459 Itaque
702 3386 896 3455 juncta
938 3390 1273 3456 Aquilonibus
1311 3393 1500 3445 Arctos

481 3476 559 3521 est
585 3466 731 3535 polus
760 3464 977 3520 arcticus
998 3486 1036 3519 s.
1061 3468 1497 3537 septentrionalis.

556 3545 661 3596 133.
700 3546 797 3598 nr.
844 3540 1013 3596 codd.
1051 3545 1216 3598 nostri
1258 3546 1375 3600 RR.
1413 3551 1497 3599 sil.

484 3621 698 3674 Fortior
714 3622 883 3675 forma
907 3621 1200 3689 imperativi
1224 3642 1385 3692 quam
1409 3643 1500 3693 po·

481 3697 634 3752 sitivi.
647 3724 714 3739 —-
727 3700 873 3751 Rota
886 3704 1116 3767 vestiga.
1134 3700 1279 3754 Hinc
1292 3721 1361 3754 vs.
1384 3702 1494 3770 167,

481 3782 653 3828 stilum
668 3781 900 3842 spallam.
920 3776 1076 3829 Ludit
1096 3778 1369 3847 ingenium
1391 3777 1495 3833 Ov.

485 3865 543 3907 ut
570 3852 787 3908 Heroid.
813 3869 953 3906 xvm
975 3892 989 3919 ,
1031 3854 1122 3907 133
1154 3873 1166 3906 ε
1196 3856 1321 3907 Janu
1352 3863 1502 3923 patet

482 3936 689 3986 attritus
724 3933 984 3983 solitarum
1031 3933 1176 3983 limes
1211 3951 1452 4000 aquarum
1476 3972 1493 4000 ,

484 4014 597 4066 Non
605 4013 765 4074 aliter,
770 4013 927 4064 mulba
936 4029 1082 4079 quam
1093 4013 1181 4061 via
1183 4028 1363 4075 pressa
1369 4017 1498 4063 rota.

553 4090 660 4143 135.
684 4089 913 4142 Malim...
933 4106 1141 4140 cutem.
1179 4087 1499 4141 Mole‘n‘cun-

1585 1847 1692 1881 ω
1709 1868 1722 1888 ,
1751 1846 1930 1898 regere
1947 1868 1961 1895 ,
1988 1847 2141 1899 agere
2158 1845 2391 1881 currum.
2418 1825 2603 1897 Vix-gil.

1587 1903 1799 1959 AEneid.
1818 1905 1926 1959 XII
1946 1945 1962 1971 ,
1992 1926 2084 1974 ²²7
2106 1946 2122 1972 ,
2148 1910 2319 1959 moliri
2336 1908 2603 1972 Μωυσῆ·

1589 1985 1800 2052 Noster,
1817 1987 1889 2051 V,
1907 1985 2023 2055 367,
2038 1989 2230 2047 moliri,
2255 1985 2289 2038 i.
2309 2004 2352 2037 e.
2370 1984 2600 2050 mittere,

1587 2069 1808 2131 sagmas
1825 2084 1841 2116 .·
1856 2082 1983 2117 nam
1997 2062 2242 2116 molire'de
2261 2063 2409 2115 omni
2425 2062 2600 2116 labore

1588 2150 1643 2194 et
1656 2161 1814 2213 opera
1825 2152 2116 2211 usurpatur.
2129 2145 2443 2201 —Premeoe,
2464 2140 2605 2209 iusto

1591 2219 1809 2274 inferius
1833 2240 2001 2292 agere.

1661 2298 1768 2351 138.
1795 2301 1858 2351 In
1876 2317 2105 2366 anguem.
2131 2297 2308 2352 Nostri
2340 2295 2515 2350 Codtl.
2536 2299 2611 2348 ad

1589 2394 1815 2442 anguem.
1851 2375 2043 2429 Melius
2068 2386 2248 2429 tamen
2271 2379 2340 2427 ι’π.
2378 2401 2446 2414 —-
2477 2374 2603 2427 Aa·

1586 2459 1702 2520 gualt
1724 2495 1737 2517 ‚
1779 2455 1884 2508 sive
1925 2454 2083 2507 draco
2107 2493 2122 2519 ‚
2165 2453 2307 2507 sidus
2350 2470 2601 2522 magnum

1586 2532 1728 2586 inter
1751 2531 1878 2585 duas
1905 2532 2106 2586 Arctos.
2133 2530 2218 2584 Cf.
2241 2531 2356 2597 Ill,
2383 2534 2462 2600 45.
2493 2529 2607 2582 Vo-

1589 2619 1737 2662 catur
1772 2616 1960 2671 tortus,
2017 2611 2268 2679 quoniam
2303 2610 2376 2662 ita
2410 2610 2606 2663 locatus

1591 2696 1688 2751 est,
1703 2698 1764 2741 ut
1779 2688 1982 2742 Arcton
1998 2689 2258 2756 maiorem
2272 2685 2436 2740 cauda
2449 2685 2603 2752 flexa,

1590 2763 1751 2834 rnedii
1775 2767 2005 2835 corporis
2027 2766 2146 2819 sinu
2177 2765 2378 2822 Arcton
2415 2764 2610 2818 mino-

1590 2859 1706 2893 rem
1752 2844 1985 2899 includat
2010 2883 2027 2911 ,
2070 2844 2339 2916 capiteque
2387 2841 2608 2896 reducto

1590 2919 1844 2972 circulum
1885 2920 2154 2975 Arcticurn
2190 2921 2410 2991 attingat
2433 2942 2447 2983 ;
2487 2938 2608 2989 qua

1591 2995 1762 3052 forma
1780 2999 2170 3052 accommodata
2191 3010 2270 3053 est
2288 3009 2490 3052 nature
2507 3017 2608 3051 an-

1593 3077 1773 3147 guium
1793 3116 1808 3143 ,
1841 3076 1930 3145 qui
1952 3097 2006 3131 se
2030 3080 2297 3145 loquendo
2319 3076 2571 3130 labuntur
2593 3097 2608 3130 ε

1592 3153 1695 3207 vid.
1715 3153 1912 3226 Hygia.
1925 3153 1989 3208 Α.
2007 3154 2068 3208 Ρ.
2082 3154 2163 3208 111
2177 3194 2192 3221 ,
2212 3176 2239 3207 α
2256 3175 2270 3218 3
2288 3154 2434 3208 Arat.
2452 3154 2609 3209 Pha-

1593 3253 1738 3289 nom.
1753 3237 1818 3300 45
1833 3255 1945 3304 sqq.
1962 3256 1975 3298 3
1999 3245 2052 3287 et
2076 3254 2138 3289 ex
2155 3254 2220 3288 eo
2234 3235 2382 3306 Virg.
2407 3234 2609 3307 Geor-g.

1596 3310 1620 3363 Ι
1639 3350 1655 3376 ,
1697 3314 1793 3378 244
1809 3350 1823 3377 ,
1863 3312 1949 3364 ubi
1957 3314 2103 3379 flexu
2139 3317 2344 3366 sinuoso
2374 3316 2611 3367 elabitur.

1592 3417 1659 3429 -
1675 3392 1784 3443 Neu
1803 3397 1854 3442 le
1871 3394 2164 3444 dexterior...
2193 3395 2412 3444 declinet
2427 3432 2441 3454 ,
2474 3394 2612 3446 Neve

1588 3470 1911 3521 sthelrterior...
1925 3474 2037 3520 mla
2050 3470 2208 3521 ducat
2223 3488 2239 3521 .·
2263 3467 2371 3521 noli
2388 3487 2608 3522 currum

1591 3545 1675 3598 vel
1698 3544 2026 3598 dextrorsum
2049 3542 2113 3598 ad
2134 3545 2574 3616 Septentrionem
2593 3588 2611 3615 ,

1590 3621 1673 3675 vel
1684 3621 2040 3675 sinistrorsum
2052 3620 2118 3674 ad
2131 3623 2411 3675 australem
2425 3622 2612 3693 polum

1592 3717 1762 3768 agere.

1666 3779 1772 3852 ¹39·
1798 3777 1942 3840 Am,
1983 3777 2123 3832 sidus
2146 3776 2365 3832 australe
2395 3818 2412 3844 ,
2445 3779 2613 3832 attin-

1592 3874 1718 3927 gens
1733 3856 1934 3927 Scorpii
1948 3855 2168 3912 caudam
2182 3867 2488 3910 extremam.
2504 3857 2612 3909 Vo-

1591 3943 1742 3986 catur
1763 3933 1922 3987 etiam
1947 3939 2271 4009 θυμιατήριον,
2290 3935 2608 3987 ΙῇητίόαΙιιι.

1590 4011 1904 4074 -Ρνεηαπι,
1912 4007 2160 4079 quoniam
2171 4029 2289 4079 pars
2298 4008 2487 4062 mundi
2499 4027 2610 4063 aus-

1595 4089 1735 4143 tralis
1759 4090 2008 4160 paulatim
2031 4090 2199 4160 vergit
2226 4089 2362 4144 infra
2389 4095 2609 4165 ὁρίζοντα.
