2975 4784
516 356 637 426 170

1051 336 1133 401 P.
1199 334 1559 405 OVIDII
1626 336 2089 407 NASONIS

504 470 773 572 Excipit
800 472 1171 563 Eridanus»,
1209 475 1664 577 fumantiaque
1696 476 1915 552 abluit
1949 508 2084 554 ora.

599 586 845 662 Naides
878 590 1216 693 Hesperiae
1249 592 1466 668 trifida
1499 592 1822 667 fumantia
1846 592 2110 667 flamma

2542 621 2648 676 325

507 703 809 802 Corpora
846 704 1002 780 dant
1041 708 1336 797 tumulo,
1371 711 1773 811 signantque
1807 710 1940 785 hoc
1978 710 2267 787 carmine
2300 741 2579 791 saxum:

510 851 546 882 «
587 818 715 891 Hic
749 819 916 893 situs
951 839 1053 895 est
1082 823 1433 899 Phaethon
1454 881 1473 914 ,
1513 853 1747 900 currus
1779 826 2007 922 auriga
2040 827 2298 926 paterni
2326 856 2343 916 ;

506 969 545 1001 »
587 936 809 1034 Quem
838 937 894 1011 si
930 967 1068 1012 non
1102 941 1354 1030 tenuit,
1386 941 1645 1038 maguis
1681 959 1901 1016 tamen
1934 941 2182 1016 excidit
2215 944 2413 1018 ausis.
2454 979 2492 1009 ³»

506 1054 678 1126 Nam
710 1073 899 1156 pater
933 1056 1267 1133 obductos
1300 1057 1485 1132 luctu
1519 1058 1913 1133 miserabilis
1947 1087 2122 1157 aegro

509 1169 914 1246 Condiderat
945 1172 1202 1263 vultus;
1237 1192 1336 1265 et,
1371 1174 1430 1248 si
1459 1175 1664 1250 modo
1692 1175 2020 1252 credimus
2039 1233 2058 1266 ,
2091 1205 2301 1251 uuum

504 1362 871 1416 auctoritatem
889 1364 1077 1435 reliqui
1092 1364 1339 1437 deinceps
1352 1367 1527 1422 Greci

504 1450 559 1492 et
572 1440 1014 1512 Romanisequuti
1024 1444 1288 1498 sunevid.
1300 1456 1354 1498 et
1365 1445 1527 1499 Mun·

505 1517 616 1570 ker.
636 1518 699 1570 ad
717 1520 914 1591 Hygin.
932 1520 1072 1575 dicto
1098 1521 1228 1576 loco.
1253 1524 1448 1594 Usurp.
1473 1522 1526 1576 h.

504 1595 834 1658 lanasinus,
861 1608 964 1652 uta
986 1600 1130 1670 Virg.
1150 1604 1525 1669 rex-stomoma.

571 1674 686 1741 324.
726 1677 950 1743 Excipit.
992 1678 1174 1748 Longe
1222 1680 1414 1749 quippe
1460 1679 1526 1731 ab

505 1750 776 1820 AEtbiopia
790 1751 948 1807 distat
963 1754 1225 1808 Eridanus
1247 1775 1260 1808 :
1282 1766 1405 1810 Ενθα
1426 1754 1528 1810 ποτ’

506 1835 762 1915 aguntum-e
784 1842 937 1894 τυπεὶς
968 1840 1073 1901 πρὸς
1104 1840 1263 1910 στέρνα
1284 1847 1480 1911 κεραυνῷ
1503 1875 1523 1902 ‚

504 1916 721 1978 Πμιδαὴς
752 1915 930 1967 Φαέθων
952 1918 1083 1968 τίσιν
1107 1916 1307 1990 ἅρματος
1332 1905 1526 1971 ildino.

504 1989 754 2059 Apollon.
768 1991 870 2056 lv,
891 1992 1015 2062 Arg.
1029 1994 1129 2046 Ed.
1140 2021 1207 2033 —
1222 1996 1328 2047 Ora
1337 1998 1518 2056 allum

505 2078 566 2122 ut
592 2069 733 2139 apud
759 2069 1143 2139 Claudianum,
1170 2089 1370 2139 xxvnt,
1394 2073 1525 2137 1663

504 2147 595 2201 ubi
612 2148 874 2204 Eridanus
884 2150 1016 2221 palla
1027 2151 1243 2214 velatus,
1257 2152 1341 2206 cui
1362 2151 1527 2205 Phae·

499 2226 632 2280 thon
655 2227 884 2283 intextus
901 2268 917 2296 ,
946 2233 1155 2284 vulnera
1183 2234 1313 2285 lavi!
1336 2233 1525 2283 anheli.

503 2307 615 2360 Pro
645 2307 914 2377 samnitis
958 2311 1210 2366 Heinsius
1251 2331 1312 2366 ex
1349 2312 1527 2382 primo

503 2386 755 2441 Mediceo
785 2427 801 2455 ,
845 2396 1136 2457 spumantia
1158 2431 1173 2452 ,
1228 2391 1350 2461 quia
1395 2389 1528 2443 illud

502 2465 729 2520 verbnm
757 2469 998 2538 proximo
1021 2470 1262 2523 occurrit.
1291 2469 1365 2522 At
1381 2468 1528 2522 unde

501 2563 681 2612 spuma
707 2546 761 2598 in
787 2565 1007 2616 corpore
1039 2548 1259 2603 fulmine
1293 2551 1482 2603 ne'cato
1500 2548 1527 2602 ἰ’

509 2625 769 2679 Revocavi
792 2625 953 2696 igitur
959 2627 1242 2694 fumantia.

572 2703 825 2758 325-366.
867 2706 1065 2759 Naides
1094 2707 1349 2774 Hesperie
1368 2744 1382 2766 ,
1428 2713 1527 2757 etc.

506 2781 745 2837 Ultimus
765 2792 935 2852 actus,
959 2784 1047 2852 qui
1072 2783 1527 2854 metamorphosin

506 2863 781 2931 continet,
814 2875 1032 2935 propter
1068 2883 1228 2934 quam
1258 2864 1432 2918 omnis
1457 2864 1526 2918 de

509 2938 843 2995 Phaethonte
870 2943 971 2994 sab.
994 2952 1224 2995 narrata.
1241 2968 1310 2982 --
1332 2943 1530 2995 Naides

506 3019 791 3097 Hespen'aeb,
845 3019 1096 3092 nymphe
1132 3019 1324 3074 Italicoe
1361 3039 1375 3073 ε
1404 3018 1528 3072 vide

507 3094 573 3148 ad
597 3115 729 3149 vers.
748 3099 859 3151 258.
873 3126 942 3141 —
966 3100 1390 3170 Tnfidaflaenma.
1408 3098 1530 3152 Ful-

507 3174 675 3241 mine,
699 3174 843 3244 quod
859 3176 928 3230 ita
941 3176 1270 3248 pingebatur.
1288 3179 1369 3232 Ut
1381 3177 1529 3230 enim

507 3252 710 3307 tridens
732 3254 1015 3325 Neptuno,
1040 3257 1114 3313 sic
1144 3257 1382 3311 trifidum
1414 3257 1529 3310 sul-

508 3350 637 3386 men
659 3332 962 3388 attribuitur
979 3335 1118 3388 Jovi.
1143 3337 1190 3389 A
1209 3335 1396 3406 triplici
1418 3353 1529 3406 po—

510 3420 694 3466 testate
708 3412 781 3467 sic
793 3411 995 3467 dictum
1005 3414 1213 3467 volunt:
1226 3414 1348 3467 serit
1360 3414 1525 3482 enim,

507 3501 772 3559 penetrat,
792 3501 846 3545 et
858 3490 1046 3545 adurit.
1061 3495 1162 3547 Ed.
1175 3519 1242 3532 ·-
1266 3494 1526 3555 Tumulus,

508 3577 655 3636 χῶμα
671 3609 687 3636 ,
712 3580 854 3623 terra
868 3580 1126 3623 exstructa
1144 3609 1160 3637 ,
1186 3570 1270 3624 cui
1287 3589 1497 3638 corpora
1511 3610 1528 3634 ,

508 3665 621 3699 ossa
637 3685 651 3706 .
705 3649 894 3701 dantur
940 3656 1031 3700 aut
1076 3648 1416 3703 mandantur.
1462 3673 1534 3688 --

508 3723 699 3776 &xum
714 3763 730 3788 ,
753 3732 901 3791 λιθος,
917 3731 1042 3790 ςῆλη
1059 3764 1074 3791 ,
1094 3725 1341 3779 columna
1352 3725 1532 3795 sepul-

507 3799 659 3856 cralis
672 3840 688 3868 ,
705 3800 900 3870 cippus.
920 3830 988 3844 -
1004 3805 1260 3864 Carsulae,
1283 3806 1528 3879 faecjpoefff,

509 3876 698 3941 titulo;
734 3896 861 3930 nam
905 3898 1104 3932 cumea
1129 3917 1145 3945 ,
1183 3897 1531 3949 quacumque

508 3957 737 4012 formula
755 3956 1056 4011 verborum.
1080 3983 1149 3999 ·-
1171 3958 1414 4025 Se‘gnant,
1443 3960 1534 4011 in·-

508 4034 783 4107 sculpunt,
810 4033 1031 4088 verbum
1055 4033 1327 4106 proprium
1352 4035 1408 4088 in
1434 4034 1533 4090 hae

511 4132 569 4167 re
607 4134 621 4167 :
658 4114 777 4171 vide
817 4112 1116 4168 Heinsium.
1161 4112 1317 4167 Tales
1352 4123 1531 4168 autem

2548 1201 2650 1255 330

1619 1372 1985 1443 inscriptiones
2014 1373 2178 1444 prisca
2217 1372 2301 1427 illa
2336 1381 2459 1427 atas
2480 1373 2652 1444 igno-

1623 1453 1770 1505 ravit.
1811 1451 2033 1505 Initium
2066 1451 2302 1506 solemne
2341 1450 2651 1520 hujusmodi

1621 1530 1898 1583 titulorum
1916 1570 1932 1594 ,
1972 1531 2077 1582 Hic
2113 1534 2245 1582 silus
2277 1536 2360 1582 es!
2374 1570 2388 1590 .
2433 1541 2526 1583 aut
2565 1533 2653 1584 hic

1611 1607 1773 1672 jacet.
1790 1605 2044 1659 Sae'le’enim
2055 1605 2286 1676 proprie,
2299 1606 2516 1660 conditi.
2534 1605 2649 1661 Cic.

1623 1683 1781 1753 Legg.
1805 1683 1888 1749 11,
1916 1705 1995 1737 22.
2022 1684 2241 1737 Nomini
2267 1685 2322 1736 in
2341 1684 2506 1738 titulis
2524 1685 2651 1738 bre-

1622 1761 1757 1812 viter
1780 1759 2211 1814 adscribebantur
2241 1779 2326 1813 res
2364 1772 2540 1831 geste.
2582 1789 2651 1802 —

1633 1839 1842 1899 Tenuit,
1869 1838 2122 1898 obtinuit.
2151 1840 2317 1904 tueri,
2342 1855 2528 1906 regere
2551 1857 2653 1908 po-

1623 1914 1751 1977 tuit;
1777 1932 1970 1985 magna
1988 1925 2165 1968 tamen
2180 1924 2332 1968 erant
2347 1934 2469 1967 ausa
2484 1955 2499 1977 ,
2526 1914 2652 1984 qui·

1623 1989 1720 2044 bus
1743 1990 1946 2046 excidit.
1975 1992 2106 2046 nac
2126 1994 2233 2063 ipsa
2254 1993 2412 2046 verba
2435 2011 2649 2061 queam...

1623 2075 1769 2121 ausels·
1784 2068 1850 2122 ad
1872 2070 2078 2124 virtutis
2099 2070 2394 2125 studiosum
2416 2080 2650 2123 transtu—

1622 2143 1683 2199 lit
1705 2146 1927 2214 Seneca,
1948 2147 2014 2201 de
2037 2149 2156 2202 Vita
2177 2149 2339 2202 Beata
2361 2166 2405 2202 c.
2426 2163 2542 2201 ΧΠ.
2564 2146 2652 2201 Cf.

1623 2224 1784 2277 etiam
1805 2225 1870 2280 de
1895 2227 2049 2279 Prov.
2065 2228 2094 2277 5
2120 2235 2248 2278 extr.
2272 2226 2443 2278 Aliter
2465 2235 2650 2278 autem

1623 2301 1872 2372 judicavit
1906 2304 2094 2356 Horat.
2120 2305 2202 2357 lv
2223 2342 2241 2370 ,
2278 2301 2384 2357 od.
2412 2319 2503 2369 ιι,
2555 2307 2652 2356 25:

1632 2382 1804 2434 Tem!
1843 2386 2104 2434 ambustus
2153 2383 2417 2435 Phaethon
2463 2400 2654 2434 arms

1621 2477 1754 2529 spes.

1689 2541 1804 2614 329.
1825 2539 1960 2596 Nem
1969 2548 2133 2609 pater.
2153 2538 2341 2594 Codex
2363 2539 2567 2610 Regius
2585 2540 2654 2595 A.

1624 2622 1867 2688 Αίμίεη
1874 2617 2058 2674 Codex
2074 2620 2272 2691 Regius
2280 2619 2477 2672 Busan
2479 2626 2657 2687 pater,-

1625 2699 1767 2769 quod
1794 2699 2119 2769 pretulerim
2143 2698 2240 2752 etsi
2261 2698 2427 2751 ‘aliter
2463 2699 2661 2766 Gt‘en‘g.
2715 2750 2724 2757 ,

1623 2778 1838 2847 placeat.
1880 2778 2019 2832 Nam
2044 2777 2177 2830 ratio
2211 2777 2463 2848 ellypseos
2488 2794 2659 2845 quam

1624 2857 1762 2909 infra
1782 2853 1954 2908 attulit
1974 2854 2113 2924 (vide
2133 2865 2319 2908 notam
2336 2855 2658 2924 subjectam)

1626 2935 1758 2990 mihi
1780 2946 2023 2990 contorta
2045 2937 2152 2989 visa
2176 2947 2268 2991 est.
2293 2939 2393 2989 Ed.
2409 2963 2478 2976 —
2497 2937 2657 2990 Nan.

1626 3014 1851 3068 Librarii
1867 3053 1883 3081 ,
1911 3014 2001 3083 qui
2017 3017 2150 3066 Nam
2171 3016 2228 3067 in
2246 3017 2324 3067 At
2337 3023 2622 3068 mutarunt
2639 3054 2658 3082 ,

1624 3090 1967 3161 ignorabant,
1992 3110 2110 3143 nam
2126 3091 2200 3144 sic
2217 3091 2370 3160 poni,
2389 3100 2452 3144 ut
2465 3090 2660 3144 subin-

1627 3168 1972 3239 telligendum
1997 3170 2064 3223 sit
2087 3168 2283 3238 aliquid
2305 3209 2322 3237 ,
2347 3168 2509 3222 veluti
2538 3167 2591 3221 h.
2623 3169 2658 3222 l.

1626 3254 1777 3314 pater
1814 3245 2028 3316 quidem
2062 3246 2275 3313 aberat,
2308 3264 2435 3299 nam
2469 3247 2512 3300 is
2552 3254 2657 3300 etc.

1627 3325 1715 3379 Sic
1732 3335 1787 3378 et
1804 3325 1884 3379 Vl
1898 3364 1914 3393 ,
1935 3346 1994 3394 27
2005 3346 2045 3378 1.
2061 3350 2131 3366 —·
2147 3328 2406 3380 obducere
2419 3326 2658 3396 vultum,

1628 3402 1692 3456 ad
1719 3422 2003 3457 moerorem
2027 3421 2349 3474 componere
2380 3424 2394 3457 :
2426 3403 2659 3459 Casaub.

1627 3480 1691 3534 ad
1708 3481 1928 3536 Sueton.
1944 3480 2062 3534 Tib.
2076 3481 2394 3550 (νᾶ-ὦσεν,
2420 3481 2510 3551 qui
2525 3500 2659 3535 eum

1627 3561 1882 3615 reddebat
1892 3579 2092 3632 aegrum
2108 3600 2123 3628 ,
2143 3572 2201 3614 ut
2211 3582 2495 3631 egre-amor
2507 3562 2664 3634 Virg.

1629 3640 1822 3712 Georg.
1837 3642 1936 3710 lv,
1953 3641 2265 3710 464.--Lrse‚
2282 3641 2515 3708 fluxisse,
2526 3661 2665 3711 prt-

1628 3722 1914 3791 terlapsum
1955 3742 2080 3777 esse.
2121 3748 2189 3763 -
2214 3724 2519 3791 Aliqua-que
2555 3735 2664 3778 etc.

1631 3799 1989 3871 Ineptissimus
2032 3802 2195 3870 jocus.
2253 3800 2454 3854 Parum
2511 3819 2662 3854 sane

1629 3880 1824 3934 mentis
1837 3891 1914 3934 est
1935 3881 1990 3934 in
2012 3880 2200 3934 mundi
2226 3880 2444 3935 interitu
2461 3879 2629 3947 iocari
2645 3901 2661 3934 t

1627 3975 1750 4010 usus
1771 3962 1825 4011 in
1843 3961 1961 4020 illo,
1996 3967 2056 4010 ut
2079 3959 2214 4012 xlv
2229 3997 2246 4025 ‚
2277 3959 2374 4012 268
2391 3998 2407 4024 ,
2445 3976 2572 4011 usus
2602 3964 2662 4011 in

1613 4035 1793 4103 solio,
1828 4038 1880 4092 X
1897 4077 1912 4105 ,
1942 4059 1970 4090 2
1981 4039 2039 4091 13
2059 4078 2073 4105 ,
2099 4041 2241 4092 color
2257 4044 2312 4091 in
2330 4042 2451 4091 metr.

1698 4117 1814 4169 330.
1834 4119 2145 4172 Condiderat
2155 4122 2337 4172 nullus.
2354 4116 2512 4171 Unus
2530 4116 2599 4170 M
2599 4136 2663 4171 e-
