2975 4784
587 440 1595 515 METAMORPHOSEON
1641 443 1833 509 LIB.
1883 444 2071 513 vll.

285 590 828 690 Flagrantemque
866 588 1133 662 domum
1164 586 1339 680 regis
1369 611 1544 658 mare
1578 582 1744 656 vidit
1778 600 2171 685 utrumque;

2261 442 2388 535 507

2297 604 2395 675 39⁵

291 706 618 803 Sanguine
652 723 956 779 natorum
990 702 1410 804 perfunditur
1437 697 1681 798 impius
1711 696 1923 784 ensis3

294 822 581 923 Ultaque
609 851 677 896 se
713 820 878 895 male
905 837 1147 906 mater,
1182 815 1439 891 Iasonis
1475 814 1710 909 effugit
1743 841 1937 903 arma,

396 940 513 1010 vl.
557 938 730 1011 Hinc
760 936 1119 1010 Titaniacis
1149 933 1366 1007 ablata
1402 930 1834 1015 draconibus,
1864 928 2069 1001 intrat

299 1052 624 1126 Palladias
656 1079 872 1138 arces;
908 1080 1051 1151 quae
1083 1068 1147 1125 te
1166 1107 1186 1138 ,
1223 1049 1578 1149 justissima
1609 1045 1845 1131 Phini,

297 1170 523 1270 Teque
546 1226 564 1257 ,
602 1197 798 1242 senex
827 1166 1146 1268 Peripha,
1182 1167 1429 1267 pariter
1460 1162 1679 1238 videre
1712 1159 2044 1246 volantes,

2303 1175 2399 1244 4⁰⁰

300 1407 421 1441 men
443 1387 653 1442 habent.
677 1415 745 1429 —
767 1389 912 1441 Nom
931 1394 1088 1456 nupta
1109 1387 1173 1440 ab
1198 1386 1306 1440 aliis
1401 1384 1683 1440 Barnesius
1706 1383 1763 1436 in
1788 1380 1915 1435 Vita
1942 1374 2238 1447 Euripidis,
2263 1375 2309 1444 S.
2339 1395 2411 1444 ¹7·

299 1465 493 1520 Glauce
515 1475 759 1529 vocatur,
786 1464 849 1517 ab
874 1463 982 1517 aliis
1001 1463 1228 1530 Creusa,
1253 1473 1308 1517 et
1402 1466 1541 1519 Vide
1584 1475 1636 1517 et
1675 1460 1943 1532 Boettigeri
1989 1455 2312 1529 prolusiones
2346 1453 2411 1508 de

297 1542 406 1609 jam
421 1541 546 1594 olim
562 1540 912 1606 dubitabatur,
926 1551 1105 1595 utrum
1121 1540 1307 1594 verius.

301 1617 474 1671 Schol.
500 1617 793 1687 Euripidis,
834 1617 897 1670 ad
924 1617 1203 1681 Medeam,
1235 1636 1308 1688 ¹9·

300 1696 406 1750 Sed
423 1697 555 1749 bene
568 1696 1134 1761 notavitBurmannus,
1152 1695 1310 1747 Creu·

301 1795 411 1829 sam
432 1795 543 1829 non
560 1796 668 1831 esse
684 1796 882 1830 nomen
898 1776 1198 1847 proprium,
1221 1773 1314 1827 sed

301 1853 465 1907 filiam
483 1855 1143 1925 regisnotare.—-Venem‘s‚
1163 1851 1315 1904 donis

305 1933 603 1986 venenatisz
630 1932 899 1997 Horatius,
919 1929 1086 2000 Epod.
1104 1929 1208 1994 111,
1234 1929 1312 1995 13,

307 2013 541 2063 delibutis
558 2013 717 2063 donis.
729 2010 947 2062 Miserat
966 2007 1150 2077 pallam
1169 2015 1221 2060 et
1237 2023 1318 2058 co·

310 2107 497 2141 ronam
516 2129 530 2156 ,
557 2094 716 2143 ‹Ia->ov
738 2098 816 2143 καὶ
835 2093 989 2157 στίξας
1007 2093 1286 2154 χρυσῆλατον
1302 2123 1318 2149 ,

313 2167 617 2237 Euripides,
639 2171 762 2241 9493
787 2166 963 2219 Valer.
979 2166 1218 2230 Flaccus,
1241 2166 1313 2231 V,

315 2248 439 2317 4493
475 2245 675 2298 Seneca
697 2284 712 2310 ,
751 2243 896 2297 Med.
925 2247 1038 2314 570.
1065 2242 1157 2296 Illa
1183 2241 1322 2295 dona

312 2321 561 2375 infecerat
575 2321 826 2391 naphtha,
841 2340 902 2373 ex
911 2321 1200 2373 multorum
1214 2319 1323 2388 qui·

313 2400 437 2455 dem
470 2400 717 2470 opinione
741 2439 757 2467 ,
800 2417 914 2467 que
936 2398 1060 2451 inde
1088 2396 1223 2451 dicta
1247 2407 1325 2451 est

311 2485 519 2538 Μιδείας
532 2480 778 2553 γᾶιςμοαον.
791 2476 911 2530 Vid.
930 2475 1242 2540 Munkerus,
1259 2473 1324 2527 ad

315 2558 512 2630 Hygia.
534 2555 583 2610 d.
604 2557 634 2609 Ι.
653 2554 912 2624 Napbtbae
924 2573 1114 2624 magna
1134 2572 1320 2624 cogna-

313 2635 386 2688 tio
398 2636 620 2707 ignium,
635 2634 724 2704 qui
737 2634 975 2704 protinus
987 2633 1040 2685 in
1053 2650 1170 2684 eam
1188 2641 1327 2683 tran-

312 2712 491 2767 siliunt
513 2733 527 2767 t
553 2712 773 2779 Plinius,
794 2713 882 2779 11,
914 2713 1026 2778 105,
1047 2709 1133 2762 ubi
1153 2707 1326 2761 addit:

317 2787 588 2855 Ilasernnt
610 2810 646 2842 a
669 2790 850 2841 Medea
868 2792 1098 2857 pellicent
1125 2804 1329 2839 crema-

316 2871 420 2919 tam
431 2908 443 2929 ,
462 2873 727 2935 postquam
749 2869 1096 2935 sacreficalum
1116 2865 1193 2915 ad
1207 2879 1330 2914 aras

316 2952 602 2999 accessemt
615 2985 629 3008 ,
655 2963 841 2997 coma
855 2949 969 3011 igne
985 2950 1145 3009 rapte.
1160 2942 1332 2994 Vocat

324 3024 516 3113 ‘Colcha
532 3040 758 3087 venena,
780 3021 902 3089 quia
917 3019 1110 3073 Medea
1124 3017 1333 3072 Colchis

322 3119 385 3152 us
405 3117 513 3151 usa.

389 3175 501 3248 396.
526 3174 779 3241 Sanguine
791 3178 1018 3224 natorum
1037 3180 1135 3223 etc.
1158 3171 1337 3223 Inter·-

324 3257 487 3311 sertos
504 3254 636 3307 lilios
652 3251 986 3306 aCoriuthiis
1003 3290 1018 3316 ,
1036 3249 1176 3320 quod
1197 3249 1336 3301 dona

327 3335 634 3400 attulissent,
651 3342 830 3387 auctor
843 3341 920 3384 est
935 3326 1342 3394 Pausanias,Co-

329 3412 490 3466 rintb.
512 3431 562 3481 p.
589 3431 609 3463 1
623 3413 708 3472 18;
730 3408 976 3477 idemque
997 3404 1159 3469 addit,
1174 3420 1342 3472 quum

329 3490 421 3543 filii
444 3491 751 3543 innocentes
773 3494 944 3539 essent
972 3481 1205 3546 inventi,
1234 3477 1342 3532 Co-

329 3569 550 3623 rinthios
577 3568 630 3620 in
652 3586 720 3621 eo
744 3566 856 3635 ipso
877 3565 989 3617 loco
1006 3602 1022 3628 ,
1061 3560 1149 3614 uhi
1174 3559 1344 3611 inter—

328 3647 448 3700 fecti
466 3655 655 3712 essent,
675 3644 889 3699 Pavoris
905 3640 1186 3711 imaginem
1201 3636 1344 3689 dedi·

327 3744 462 3778 came
477 3764 493 3789 ,
518 3723 582 3776 ad
598 3741 817 3791 eamque
831 3740 974 3775 sacra
988 3714 1342 3776 anniversaria

328 3802 523 3855 fecisse.
546 3801 800 3854 Similiter
826 3795 1066 3867 Apollod.
1098 3805 1151 3848 et
1173 3792 1341 3845 AElia-

331 3896 459 3933 nus.
488 3881 557 3929 V.
583 3878 655 3931 H.
677 3880 755 3943 V,
782 3896 858 3928 αι.
886 3877 950 3929 111
979 3871 1197 3927 Scholiis
1221 3870 1346 3923 Eu·-

331 3957 513 4027 ripidis
548 3957 610 4009 ad
647 3956 792 4009 Med.
821 3952 1100 4023 Euripides
1123 3947 1347 4003 traditiu-

334 4036 565 4107 quinque
602 4034 806 4087 talentis
833 4053 864 4085 a
895 4028 1183 4085 Corinthiis
1216 4046 1346 4082 cor-

335 4123 518 4184 ruptus
545 4131 681 4177 esse,
716 4111 851 4163 utin
883 4107 1132 4162 Medeam
1165 4116 1347 4158 trans-

338 4193 500 4246 ferret
528 4191 669 4245 illam
693 4188 906 4245 cedem.
943 4181 1347 4253 Rem-disquirit

1405 1543 1599 1597 Medea
1620 1538 1918 1608 Euripidea.

1472 1622 1584 1693 397.
1603 1619 1815 1687 Ullaque
1825 1610 2294 1668 semla-etenum
2302 1628 2414 1662 ver·

1406 1716 1524 1752 sum
1551 1712 1647 1766 pro
1669 1694 1901 1765 genuino
1929 1710 2042 1744 non
2060 1688 2218 1742 habet
2243 1687 2418 1740 Hein-

1407 1774 1609 1827 εἰοι-
1624 1771 1840 1841 Legitur
1861 1779 2041 1822 tamen
2062 1766 2119 1819 in
2139 1763 2420 1818 Codicibus

1409 1851 1600 1905 nostris
1624 1849 1816 1919 Regiis.

1475 1931 1727 2003 398-492.
1738 1931 1876 1981 Hinc
1894 1926 2177 1979 Titaniacis
2189 1931 2286 1974 etc.
2300 1920 2424 1973 Me·-

1413 2008 1512 2061 dea
1531 2007 1764 2060 Athenas
1782 2005 1914 2074 sugit
1930 2043 1945 2070 ,
1968 2001 2056 2055 ubi
2074 2001 2137 2053 ab
2152 1998 2321 2068 AEgeo
2339 2017 2424 2050 ex-

1413 2087 1623 2156 cipitur,
1646 2084 1794 2151 cujus
1816 2081 1985 2134 filium
2009 2077 2224 2131 venenis
2248 2076 2426 2128 inter-

1416 2163 1574 2215 licere
1594 2171 1829 2215 conatur.
1852 2155 2056 2226 Excipit
2069 2172 2187 2208 eam
2206 2152 2426 2223 AEgeus,

1417 2250 1692 2310 postquam
1730 2237 1993 2306 juraverat
2011 2272 2027 2300 ,
2065 2250 2120 2285 se
2161 2249 2279 2283 eam
2312 2246 2425 2282 non

1419 2316 1728 2385 ejecturum.
1743 2309 2021 2381 Euripides
2033 2348 2049 2376 ,
2073 2326 2171 2380 709
2187 2325 2297 2376 sqq.
2310 2305 2427 2373 Ipsa

1419 2392 1643 2463 pollicita
1670 2401 1814 2455 erat,
1850 2408 1905 2443 se
1930 2387 2148 2441 orbitate
2169 2384 2429 2437 liberatu-

1421 2489 1535 2524 ram
1561 2469 1742 2538 AEgea.
1778 2465 2123 2530 Plutarchus,
2154 2460 2314 2514 Thes.
2344 2476 2430 2511 ηε

1421 2550 1531 2603 filio
1543 2557 1745 2602 servato
1761 2587 1775 2614 ,
1794 2543 2096 2598 convivium
2110 2537 2402 2593 instituitur
2416 2575 2432 2601 ,

1423 2625 1563 2697 quod
1579 2622 1989 2679 resonatThesei
2002 2618 2251 2672 laudibus.
2275 2615 2437 2669 Cous.

1425 2704 1624 2777 Hygia.
1651 2702 1748 2766 ’ὃς
1785 2699 1942 2754 Diod.
1967 2697 2069 2752 Sic.
2094 2695 2194 2761 IV,
2213 2697 2277 2761 54
2293 2712 2433 2763 sqq.;

1426 2783 1649 2837 Pausan.
1666 2780 1750 2848 11,
1773 2780 1833 2843 ὃς
1853 2774 2093 2847 Apollod.
2111 2775 2138 2827 1
2153 2812 2168 2839 ,
2182 2788 2268 2838 lx,
2289 2771 2433 2823 28.—

1436 2866 1749 2924 mammis,
1792 2876 1922 2929 quos
1955 2877 1985 2910 a
2018 2853 2124 2909 sole
2156 2858 2437 2920 acceperat.

1428 2938 1792 3011 Apollodorus.
1814 2964 1880 2975 —
1900 2932 2166 3001 Periphas,
2206 2946 2299 2981 rex
2331 2944 2438 2979 an-

1430 3017 1744 3088 tiquissimus
1787 3013 1974 3067 Attica
2021 3017 2145 3075 ante
2191 3001 2439 3072 Cecropis

1430 3105 1683 3165 tempora.
1718 3092 1860 3147 Eum
1884 3087 2096 3158 Jupiter
2124 3083 2179 3135 in
2212 3077 2439 3150 aquilam

1429 3171 1681 3236 mutavit,
1707 3169 1922 3237 ejusque
1940 3163 2248 3232 conjugem,
2277 3172 2443 3226 quum

1432 3248 1660 3319 separari
1695 3245 1861 3298 nollet
1893 3262 1924 3296 a
1952 3241 2176 3306 marito,
2213 3238 2267 3292 in
2295 3244 2445 3313 ὄρνιθα

1436 3332 1684 3393 εὐννομον,
1720 3322 1774 3375 id
1797 3332 1908 3389 est,
1942 3321 1996 3373 in
2029 3317 2217 3372 iisdem
2247 3312 2444 3386 pascuis

1435 3415 1731 3461 versantem
1746 3442 1762 3468 ,
1787 3420 1896 3454 una
1917 3398 2180 3453 viventem
2201 3435 2217 3463 ,
2250 3410 2443 3460 nempe

1437 3485 1493 3538 in
1511 3490 1652 3555 pinna·
1669 3520 1686 3548 ,
1708 3480 1967 3535 falconem
1982 3475 2313 3544 ossifragum:
2331 3469 2446 3523 An-

1438 3563 1654 3617 toninus
1676 3557 1850 3613 Liber.
1873 3557 1923 3609 6.
1957 3555 2083 3609 Jam
2116 3551 2368 3623 quoniam
2389 3559 2442 3604 et

1438 3656 1583 3693 nunc
1599 3637 1663 3691 de
1680 3636 1880 3689 duobus
1892 3652 2066 3688 sermo
2080 3641 2157 3685 est
2164 3635 2360 3700 paritet
2368 3648 2449 3681 w-

1436 3720 1674 3777 !anlt‘bus,
1692 3717 1913 3769 Phineus
1927 3720 2103 3764 autem
2122 3707 2255 3780 (qui
2273 3706 2328 3760 in
2351 3707 2451 3759 lec-

1439 3799 1583 3852 tione
1608 3796 1811 3866 vulgata
1832 3788 2095 3860 occurrit)
2119 3787 2290 3842 nullus
2311 3785 2446 3857 apud

1439 3877 1663 3929 Veteres
1677 3872 1900 3927 occurrit
1913 3909 1929 3937 ,
1953 3866 2018 3922 ad
2036 3884 2193 3938 quem
2212 3864 2322 3919 haec
2338 3881 2448 3933 per-

1441 3956 1644 4010 tineant
1667 3995 1683 4023 ,
1725 3951 2012 4007 admodum
2052 3945 2295 4001 credibile
2330 3955 2407 3999 est
2430 3983 2446 4010 ,

1441 4033 1582 4105 quod
1596 4030 1872 4088 Schrader.
1889 4026 1953 4081 ad
1966 4025 2450 4089 Antoninum,con-

1439 4114 1564 4184 iecit
1578 4153 1594 4181 ,
1628 4131 1722 4184 pro
1734 4111 2021 4179 justissime
2043 4109 2234 4160 Phineu
2260 4104 2453 4173 legen·-

1441 4191 1572 4245 dum
1609 4209 1715 4245 esse
1738 4227 1754 4258 ,
1775 4188 2072 4258 justissima
2098 4185 2284 4245 mm,-
2325 4196 2449 4231 nam
