2975 4784
644 408 1691 477 METAMORPHOSEON
1739 411 1937 481 LIB.
1991 415 2099 481 II.

301 553 524 647 Argos
557 547 1006 649 Amymonen,
1044 548 1311 649 Ephyre
1346 547 1691 621 Pirenidas
1722 548 1955 624 undas.

2320 415 2434 482 161

2342 575 2443 644 240

302 675 443 749 Nec
478 671 713 748 sortita
745 669 893 744 loco
931 671 1252 745 distantes
1285 670 1558 744 flumina
1588 671 1766 771 ripas

307 799 485 871 Tuta
518 773 788 869 manent
816 823 834 866 :
862 791 1097 867 mediis
1130 792 1375 866 Tanais
1410 791 1691 866 fumavit
1721 793 1793 867 in
1826 790 2059 886 undis,

311 920 703 1018 Peneosque
740 944 936 990 senex
958 971 977 1006 ,
1012 916 1637 1016 Teuthranteusque
1670 915 1946 1006 Caicus„

313 1046 407 1117 Et
435 1040 608 1117 celer
638 1043 975 1127 Ismenos,
1013 1067 1163 1112 cum
1194 1039 1527 1115 Phocaico
1555 1041 2001 1140 Erymantho,

314 1169 743 1265 Arsurusque
777 1162 1020 1236 iterum
1048 1161 1395 1252 XanthuS,
1429 1161 1767 1265 flavusque
1799 1166 2188 1264 LycormaS,

2354 1188 2452 1257 245

318 1365 452 1439 6892
475 1384 694 1435 quarem
705 1364 975 1434 eleganter
990 1363 1233 1433 exprimit
1251 1383 1337 1417 cu·
1430 1365 1480 1429 1,
1510 1364 1608 1436 559
1628 1385 1642 1419 ε
1659 1382 1835 1428 senez-‚⁶
1863 1364 1979 1418 vide
1999 1366 2063 1419 ad
2092 1366 2138 1432 1,
2169 1366 2457 1421 580.-E1

321 1443 593 1514 piditatem
624 1442 704 1496 rei
727 1442 926 1495 amisse
948 1441 1336 1511 recuperanda.

322 1524 445 1577 Hoc
464 1541 577 1575 non
598 1520 974 1574 intellexerunt
990 1559 1006 1587 ,
1036 1519 1223 1590 quibus
1237 1519 1287 1573 b.
1305 1519 1340 1573 l.

320 1601 511 1655 melius
527 1600 721 1670 placuit
742 1604 977 1668 μανίην.
1004 1598 1192 1668 virgil.
1214 1597 1340 1651 AEu.

324 1680 384 1746 1,
412 1699 507 1746 ²¹7
529 1718 544 1743 ,
572 1676 762 1730 eodem
781 1696 971 1743 sensu,
994 1680 1343 1744 soce'osrequess

319 1759 727 1818 ruah—Dirce,
761 1757 877 1810 sons
900 1755 1118 1810 Boeotia
1131 1794 1147 1822 ,
1176 1773 1341 1825 prope

323 1836 558 1900 Thebas,
572 1834 934 1901 nobilissimus,
949 1854 977 1887 a
988 1834 1168 1901 Dirce,
1182 1853 1343 1888 uxore

326 1914 487 1988 Lyci,
514 1914 573 1966 in
599 1931 724 1965 eum
749 1931 1009 1966 conversa.
1036 1914 1138 1966 Ed.

392 1995 507 2059 2⁴0.
528 1992 810 2061 Amymone
824 2029 840 2056 ,
855 1991 975 2044 sons
994 1990 1167 2061 Argia
1180 2008 1343 2061 prope

329 2068 579 2123 Lernam.
606 2067 799 2123 Strabo
827 2067 968 2121 Vlll
989 2106 1006 2133 ,
1028 2087 1080 2137 p.
1105 2068 1220 2136 37¹·
1241 2069 1347 2122 No·

329 2165 461 2200 men
488 2146 540 2199 ei
572 2144 717 2199 dedit
741 2144 1047 2217 Amymone
1081 2144 1347 2216 Nympha.

334 2223 539 2294 Hygin.
569 2222 666 2276 sab.
706 2222 832 2296 169;
868 2224 1109 2293 Propert.
1135 2222 1188 2274 11
1208 2260 1224 2288 ,
1269 2239 1349 2275 ao.

330 2326 402 2342 --
420 2302 624 2371 Ephyre
643 2301 1007 2370 antiquissimis
1030 2300 1351 2370 temporibus

332 2382 473 2436 dieta
494 2391 573 2435 est
589 2380 895 2448 Corinthus,
912 2382 969 2435 in
982 2381 1132 2448 cuius
1145 2399 1354 2434 summa

333 2480 451 2515 arce
488 2463 511 2527 (
534 2458 961 2527 Acrocorintho)
1002 2459 1103 2512 suit
1141 2460 1344 2521 Pirene,

334 2541 450 2594 sons
459 2539 812 2606 Musissacer,
830 2537 1355 2608 aquislimpidissimis

341 2617 731 2673 etsuavissimis.
757 2617 950 2670 Strabo
971 2616 1112 2670 vul
1131 2655 1146 2683 ,
1172 2636 1222 2686 p.
1241 2620 1354 2670 521.

341 2695 470 2750 Plin.
497 2696 572 2749 Η.
598 2695 669 2750 N.
695 2695 806 2761 IV,
833 2697 881 2761 4.
911 2723 980 2736 -
998 2697 1215 2767 Ephyre.
1245 2694 1356 2748 Pro

339 2792 439 2842 quo
459 2776 693 2844 Nephyoe
713 2773 770 2825 in
793 2773 1001 2826 nostris.
1033 2774 1220 2842 Neque
1244 2791 1354 2825 cre-

343 2850 579 2905 dendum
600 2851 809 2904 literam
827 2869 864 2903 π
882 2849 1172 2904 detractam
1201 2849 1357 2903 suisse

346 2931 406 2984 ab
426 2931 611 2985 ultima
635 2928 857 2999 praced.
881 2929 1113 2983 nominis
1130 2928 1324 3002 syllaba
1345 2946 1360 2980 z

346 3029 469 3063 nam
489 3009 564 3064 ita
590 3008 893 3062 inscribitur
913 3009 1208 3079 Amymone.
1246 3010 1362 3061 Ne-

338 3090 495 3155 phyoe
508 3105 525 3138 .·
545 3084 679 3139 nihil
697 3095 873 3139 tamen
893 3085 946 3138 h.
968 3084 1000 3137 Ι.
1015 3084 1326 3138 harendum
1344 3105 1360 3151 ;

346 3172 593 3232 corrupte
638 3162 785 3216 enim
834 3162 891 3215 in
932 3160 1107 3215 codd.
1142 3161 1365 3215 nomina

346 3240 563 3309 propria
581 3240 841 3311 leguntur.
865 3268 934 3281 —
953 3242 1135 3293 Pirene
1153 3240 1271 3292 sons
1291 3238 1367 3292 sic

348 3318 520 3374 dictus
537 3339 566 3372 a
581 3320 789 3393 Pyrene
804 3320 1047 3387 muliere,
1065 3337 1200 3389 qua,
1217 3337 1367 3371 mor-

348 3408 457 3451 tem
478 3398 771 3470 filiilugens
789 3438 806 3467 ,
821 3400 879 3452 in
899 3418 1025 3454 eum
1045 3400 1253 3453 sontem
1266 3398 1368 3452 suit

348 3497 615 3533 conversa.
639 3482 742 3533 Ed.

412 3561 529 3625 241.
563 3559 756 3611 Sortito
755 3595 837 3612 .....
854 3563 1009 3627 νήπιε.
1031 3557 1279 3612 Flumina
1296 3556 1368 3611 la·

348 3634 547 3688 tissima
570 3652 585 3684 z
608 3641 821 3699 sadda,
856 3655 973 3706 quo
999 3637 1149 3691 nobis
1178 3646 1371 3690 natura

346 3713 702 3784 contigerunt.

414 3793 529 3858 242.
562 3792 788 3855 Tmek,
815 3790 973 3846 hodie
997 3794 1147 3855 Bon,
1182 3791 1374 3846 fluvius

350 3869 583 3942 Scythia
606 3881 873 3924 tortuosus
890 3910 907 3939 ,
934 3871 1206 3941 Europam
1233 3871 1376 3925 ‹liri-

352 3963 503 4000 mens
530 3946 598 3999 ab
623 3947 751 4000 Asia
771 3986 787 4014 ,
822 3958 980 4018 atque
1005 3969 1061 4003 se
1086 3967 1378 4002 exonerans

354 4022 437 4153 ilnv
443 4025 622 4079 lacum
654 4025 985 4118 Meotidem.
1027 4026 1164 4081 Plin.
1203 4026 1275 4079 H.
1310 4025 1378 4079 N.

452 4140 469 4168 ‚
498 4122 575 4155 n.

422 4177 538 4243 ²4³·
567 4180 875 4337 Ρεῖῗῃε.
910 4179 997 4236 De
1025 4183 1192 4234 Peneo
1209 4220 1227 4246 ‚
1261 4177 1380 4233 vide

739 4273 805 4340 I.

1443 1444 1766 1502 Teuthrania,
1785 1461 1901 1512 quoe
1910 1463 2066 1513 supra
2079 1443 2256 1497 AEolid
2262 1464 2345 1497 em
2359 1456 2457 1513 est,

1441 1524 1628 1575 Cati-us
1660 1524 1830 1576 amnis
1868 1523 2116 1592 profluit,
2150 1543 2458 1595 quanquam

1435 1597 1489 1652 b.
1515 1600 1546 1652 l.
1564 1601 1735 1670 potius
1754 1620 1782 1653 a
1798 1611 1982 1654 monte
2014 1604 2336 1661 Teuthranie.
2366 1603 2458 1671 qui

1435 1676 1486 1730 ei
1511 1677 1809 1746 adjacebat,
1845 1680 2207 1732 Teuthrantem
2228 1678 2419 1733 dicitur
2447 1701 2460 1735 t

1438 1757 1558 1811 vide
1582 1757 1822 1812 Holsten.
1849 1758 1914 1811 ad
1935 1758 2187 1829 Stephan.
2209 1759 2378 1814 Urbb.
2399 1761 2456 1814 in

1439 1847 1703 1906 Τευθρανία.

1507 1919 1618 1984 244.
1662 1919 1891 1970 Ismenus
1933 1926 2055 1969 ante
2104 1916 2314 1971 Thebas
2365 1937 2460 1988 per

1440 2012 1688 2063 campum
1705 1993 1914 2049 fluebat.
1937 1994 2080 2046 Hinc
2096 1992 2295 2046 Theba:
2317 1986 2463 2061 ἰσμη·

1442 2084 1520 2127 ναῦ
1540 2072 1811 2133 πὲλιςινὶἆ.
1827 2073 2011 2127 Seuer.
2035 2074 2194 2125 Herc.
2215 2073 2330 2126 OEt.
2354 2076 2464 2139 ι4ο.

1442 2179 1512 2191 —
1539 2152 1909 2222 Erymanthus,
1957 2147 2194 2202 Arcadia
2217 2148 2408 2202 fluvius
2435 2169 2464 2203 e

1446 2236 1631 2281 monte
1658 2225 1963 2295 cognomini
1985 2226 2038 2278 in
2071 2223 2335 2295 Alpheum
2357 2224 2462 2279 de—

1447 2305 1636 2359 fluens.
1672 2303 1808 2357 Plin.
1838 2304 1909 2358 H.
1938 2302 2005 2357 N.
2032 2302 2114 2355 lv
2133 2341 2148 2367 ‚
2176 2301 2224 2356 6.
2255 2301 2464 2358 Gallim.

1448 2382 1502 2437 b.
1525 2383 1646 2437 δον.
1679 2383 1752 2436 ι8.
1792 2380 1901 2434 sed
1935 2382 2159 2433 Phoce'di
2179 2398 2342 2433 nemo
2364 2399 2469 2434 un-

1451 2477 1612 2529 quam
1624 2458 1848 2512 fluvium
1863 2455 2021 2526 hujus
2029 2455 2261 2509 nominis
2271 2455 2469 2511 tribuit.

1454 2540 1639 2609 ltaque
1654 2557 1752 2608 pro
1766 2540 2022 2590 Phocaica
2034 2533 2318 2604 legendum
2329 2533 2468 2588 haud

1450 2616 1609 2671 dubie
1642 2624 1721 2670 est
1753 2612 1835 2691 vel
1868 2615 2153 2681 Psapbae‘co
2168 2652 2183 2674 ‚
2220 2622 2281 2665 ut
2319 2610 2474 2663 multi

1452 2695 1709 2761 suadent,
1736 2693 1820 2747 vel
1834 2711 1958 2747 cum
1980 2690 2227 2745 Palmero
2247 2689 2312 2742 ad
2335 2691 2477 2743 Pau-

1453 2792 1563 2827 san.
1584 2771 1772 2826 Arcad.
1785 2790 1835 2840 p.
1853 2773 1972 2842 419,
1989 2771 2245 2835 Psopbeo.
2257 2771 2478 2835 Psophezr

1455 2852 1603 2906 enim
1625 2850 1750 2904 urbs
1775 2847 2013 2902 Arcadia
2033 2886 2048 2914 ,
2074 2865 2233 2916 quam
2255 2855 2473 2916 prater·

1454 2928 1647 2985 labitur
1665 2927 2041 3003 Erymanthus.

1524 3010 1637 3074 245.
1661 3011 1917 3061 Xanthus.
1940 3005 2155 3061 Fluvius
2180 3005 2474 3073 Troianus,

1457 3087 1602 3141 idem
1626 3086 1952 3142 Scamander
1974 3086 2140 3141 dictus
2163 3105 2176 3140 :
2199 3092 2373 3139 ilerum
2394 3106 2480 3138 arb

1456 3185 1628 3228 sums,
1650 3175 1885 3235 tempore
1903 3164 2162 3233 Trojano,
2181 3165 2290 3233 ubi,
2309 3181 2476 3234 quum

1460 3242 1677 3297 tumidis
1691 3242 1936 3297 fluctibus
1952 3242 2011 3295 in
2029 3242 2289 3297 Achillem
2304 3243 2480 3296 irrue-

1461 3335 1547 3377 ret
1570 3362 1586 3391 ,
1638 3322 1909 3377 Vulcanus
1943 3332 2147 3376 tantam
2184 3323 2231 3376 ei
2263 3321 2481 3375 immisit

1462 3403 1598 3473 ignis
1616 3401 1725 3454 vim
1743 3440 1759 3468 ,
1785 3411 1845 3455 ut
1868 3400 2078 3455 arderet
2095 3440 2110 3468 ,
2136 3401 2302 3454 Hom.
2327 3399 2389 3454 11.
2412 3409 2448 3453 Φ
2464 3439 2481 3466 ,

1465 3480 1718 3546 »ια-384.
1729 3478 1892 3532 -Sic
1906 3479 2070 3549 glossa
2083 3480 2247 3532 nostri
2264 3475 2398 3531 Cod.
2417 3477 2488 3532 R.

1465 3559 1971 3626 BzXaaetbnsfiaeius,
1990 3560 2487 3625 questosledasettiam

1465 3640 1682 3691 ardebat
1712 3644 1925 3704 tempore
1963 3638 2140 3706 Trojae.
2169 3634 2270 3689 Ed.
2295 3663 2363 3677 -—·
2385 3637 2490 3708 Ly-

1467 3734 1681 3776 comas,
1698 3713 1911 3784 rapidus
1928 3713 2138 3769 AEtoliae
2154 3712 2363 3780 fluvius,
2379 3732 2493 3783 pos·

1470 3803 1556 3846 tea
1575 3794 1775 3845 Euenus
1791 3792 1959 3846 dictus
1975 3792 2055 3845 lx
2074 3832 2090 3859 ,
2123 3795 2232 3859 ¹⁰4·
2254 3791 2496 3844 Vocatur

1456 3873 1655 3940 flavas,
1678 3869 1839 3924 etiam
1854 3869 2040 3924 Senec.
2059 3870 2219 3924 Herc.
2238 3869 2351 3923 OEt.
2367 3872 2456 3937 ⁵9¹
2477 3904 2493 3930 ,

1473 3948 1542 4000 ob
1562 3965 1778 4001 arenam
1792 3947 1982 4001 flavam
2002 3989 2016 4017 ,
2043 3955 2102 4002 ut
2107 3951 2281 4017 finnus
2301 3946 2496 3998 Tiberis

1475 4023 1623 4094 virg.
1645 4024 1859 4078 AEneid.
1891 4025 2002 4079 Vll
2020 4065 2035 4091 ,
2062 4026 2121 4076 31
2146 4044 2160 4086 ς
2184 4039 2367 4090 aquam
2371 4020 2495 4084 fia·-

1475 4121 1590 4156 eam
1612 4103 1741 4155 dixit
1761 4104 1952 4155 Pacuv.
1974 4120 1988 4154 ε
2009 4101 2113 4152 vid.
2139 4095 2400 4152 Brouckh.
2431 4089 2500 4144 ad

1478 4178 1819 4247 Propertium
1839 4213 1856 4241 ,
1899 4176 1954 4228 11
1972 4215 1988 4242 ,
2037 4175 2184 4242 Eleg.
2226 4187 2310 4224 vu
2337 4208 2354 4237 ,
2402 4170 2497 4231 So,

2153 4287 2226 4328 11
