2975 4784
658 307 1712 378 METAMORPHOSEON
1765 308 1967 375 LIB.
2023 308 2201 376 Vll.

2345 312 2473 405 527

374 487 410 518 »
449 450 646 525 Dicta
679 450 808 524 sub
844 446 1182 549 amplexus
1215 447 1474 542 AEginae
1508 445 1847 546 Asopidos
1880 446 2047 535 isse3

377 602 413 635 »
447 571 585 642 Nec
621 584 683 641 te
704 621 722 653 ‚
755 591 990 660 magne
1022 580 1210 663 pater
1230 618 1249 651 ,
1279 563 1496 636 nostri
1529 562 1738 663 pudet
1768 590 1909 638 esse
1936 581 2316 664 parentem;

381 716 416 748 »³
454 685 589 757 Aut
621 682 787 755 mihi
815 680 1013 756 redde
1039 708 1224 756 meos
1245 734 1264 765 ,
1297 695 1414 753 aut
1437 706 1542 751 me
1570 706 1834 779 quoque
1860 679 2064 753 conde
2087 680 2408 782 sepulcro.
2446 717 2480 748 »ι

378 796 495 872 Ille
525 815 751 871 notam
784 795 1042 892 fulgore
1078 795 1258 871 dedit
1279 851 1297 883 ‚
1339 794 1722 895 tonitruque
1758 793 2068 868 secundo.

386 947 420 979 «
457 911 735 1012 Accipio
757 966 776 999 ,
816 911 1082 1011 sintque
1116 910 1240 985 ista
1264 937 1502 1011 precor
1531 907 1743 984 felicia
1773 909 2013 982 mentis

2394 932 2494 987 620

389 1062 423 1093 ²»
460 1028 665 1124 Signa
697 1044 863 1112 tuae,
896 1024 1032 1099 dixi
1060 1055 1076 1097 ε
1107 1025 1286 1126 quod
1321 1025 1435 1099 das
1466 1025 1672 1114 mihi,
1708 1026 2059 1127 pigneror,
2099 1046 2312 1101 omen.
2351 1061 2384 1093 n

486 1176 521 1208 »
560 1143 759 1216 Forte
786 1140 916 1214 fuit
937 1141 1123 1239 juxta
1154 1139 1399 1242 patulis
1429 1142 1762 1215 rarissima
1791 1143 2024 1231 ramiS,

384 1258 579 1332 Sacra
605 1260 649 1330 J
653 1258 758 1331 ovi
781 1313 799 1345 ‚
839 1285 1119 1358 quercus
1158 1257 1240 1331 de
1273 1257 1520 1332 semine
1556 1257 1921 1331 Dodonaeo.

386 1375 514 1448 Hic
548 1403 673 1448 nos
706 1373 1061 1470 frugilegas
1095 1373 1513 1474 adspeximus
1544 1373 1801 1469 agmine
1833 1371 2038 1468 longo

390 1497 655 1572 Grande
688 1525 858 1571 onus
889 1496 1129 1592 exiguo
1164 1495 1470 1571 formicas
1510 1508 1622 1570 ore
1659 1512 1957 1591 gerentes
1977 1550 1996 1581 ‚

393 1723 587 1779 Codice
613 1723 897 1789 Vaticano,
923 1723 1122 1792 profert
1140 1761 1155 1788 ,
1183 1726 1287 1775 elue
1298 1724 1393 1774 sub

386 1805 645 1868 amplexus
651 1803 844 1868 AEgt‘nae
857 1802 1111 1867 Asope'des
1117 1804 1294 1867 tinem.
1307 1796 1392 1852 Cf.

391 1880 470 1933 Vl
487 1918 502 1945 ,
534 1899 553 1931 1
567 1878 624 1931 13
642 1917 658 1944 ,
684 1878 772 1930 ubi
788 1877 999 1947 Jupiter
1014 1879 1246 1945 Asopida
1265 1880 1401 1930 ludu

389 1963 562 2026 ignem
576 1997 591 2019 ‚
622 1976 713 2010 seu
726 1995 742 2022 ,
757 1957 812 2010 in
827 1957 1007 2025 ignem
1022 1974 1317 2011 conversus.
1331 1959 1397 2010 11

392 2039 651 2102 amplexus
673 2040 747 2088 in·
771 2045 848 2089 est
873 2035 950 2089 xl
967 2073 984 2102 ‚
1010 2037 1119 2090 228.
1144 2062 1212 2074 —
1226 2037 1386 2097 Nota,

392 2112 615 2182 signum.
631 2141 699 2153 —
714 2116 926 2180 Fulgore
945 2153 959 2175 ,
995 2112 1208 2183 fulgoris
1221 2111 1399 2181 splen-

397 2190 539 2244 dore.
563 2194 661 2245 Ed.
691 2218 757 2232 -—-
794 2193 1094 2260 Tom‘lrnqaee
1133 2193 1351 2244 secundo
1374 2207 1394 2255 ‚⁶

397 2288 560 2338 quum
585 2269 797 2339 quidam
820 2269 1044 2323 habeant
1078 2274 1404 2338 lonilnmqne

395 2350 659 2400 secundnm
682 2388 695 2409 ‚
747 2347 995 2400 Heinsius
1030 2347 1188 2400 etiam
1197 2346 1402 2415 fulgore

398 2436 567 2479 mutat
606 2425 659 2478 in
685 2426 900 2495 sulg'ut,
940 2435 997 2478 ut
1030 2426 1096 2480 sit
1130 2426 1402 2496 oppositio.

396 2501 523 2555 Duo
541 2539 559 2563 ,
603 2508 907 2571 tonitrusque
940 2507 1186 2557 secundos
1215 2544 1229 2565 ,
1272 2521 1401 2573 qnos

396 2582 737 2637 Burmannus
761 2584 897 2653 capit
931 2583 1014 2636 vel
1045 2581 1110 2637 de
1144 2583 1322 2636 faustis
1348 2592 1404 2636 et

396 2661 688 2714 faventibus
704 2700 720 2726 ‚
740 2661 818 2714 vel
837 2661 1045 2730 proprie
1060 2661 1127 2714 de
1142 2660 1400 2730 repetitis:

400 2756 506 2791 non
545 2738 691 2792 enim
726 2739 982 2792 suffecisse
1023 2757 1192 2792 unum
1227 2756 1403 2808 augu-

400 2816 537 2868 rium
555 2855 572 2882 ‚
597 2815 695 2869 nisi
719 2814 1125 2870 confirmaretur
1147 2836 1207 2869 ex
1232 2815 1404 2871 simili.

399 2920 467 2932 —
477 2893 627 2962 Regii
646 2892 809 2947 nostri
825 2892 1020 2947 habent
1033 2899 1309 2962 tonde-uque
1322 2912 1409 2946 se-

404 2974 565 3024 cundo
583 3012 597 3033 ,
630 2981 684 3024 et
713 2971 890 3024 nescio
917 2989 985 3024 an
1011 2970 1125 3039 quis
1155 2981 1294 3024 recte
1318 2990 1409 3024 re-

404 3049 599 3119 ceperit
632 3048 881 3102 lectiones
925 3067 1052 3117 quas
1091 3049 1307 3118 protulit
1343 3049 1407 3102 cl.

412 3130 594 3195 Gien’g-
618 3146 679 3180 ex
717 3127 940 3181 Heinsio
966 3136 1021 3179 et
1048 3126 1363 3180 Burmanno
1390 3149 1404 3192 ς

406 3206 672 3267 dicebatur
686 3206 900 3276 quidem
915 3210 1180 3261 wulfrum
1191 3225 1211 3272 ,·
1222 3206 1312 3261 sed
1329 3214 1409 3260 Io-

405 3288 587 3335 m‘trum
609 3293 662 3337 et
677 3289 889 3337 lom'lrus
902 3283 956 3335 in
977 3282 1159 3352 plurali
1181 3299 1410 3336 numero

405 3360 677 3430 plusquam
692 3371 923 3431 suspecta
940 3360 1185 3414 vocabula
1202 3361 1409 3431 opinor.

406 3443 504 3494 Ed.
526 3468 594 3482 —·
614 3442 917 3507 &cundum3
942 3438 1082 3509 quod
1106 3438 1411 3492 audiebatur

404 3537 435 3571 e
457 3519 662 3572 sinistra
683 3518 852 3572 sereni
877 3517 984 3572 mli
1011 3528 1173 3587 parte.
1196 3516 1310 3570 Tali
1339 3526 1412 3569 to-

406 3596 551 3653 nitru
585 3596 795 3666 Jupiter
830 3595 1186 3666 significabat,
1209 3614 1264 3648 se
1301 3614 1410 3649 esse

408 3685 678 3728 exoratum
694 3674 911 3727 :conser.
923 3675 1210 3739 Homerus,
1223 3672 1414 3744 Odyss.

409 3762 443 3805 Υ
460 3791 476 3818 ,
503 3770 593 3805 102
615 3751 920 3822 3Virgilim,
945 3749 1258 3816 AEneid.11‚
1282 3751 1378 3823 692
1395 3789 1433 3816 ‚,

407 3830 581 3900 ibique
605 3832 832 3887 Servius.
854 3835 1182 3899 -Acce'pe'o‚·
1205 3851 1301 3884 vox
1317 3850 1407 3886 eo-

410 3931 530 3964 rum
556 3914 644 3981 qui
666 3934 719 3968 se
748 3913 1044 3968 indicabant
1068 3913 1210 3966 bono
1234 3914 1411 3967 omine

411 3988 584 4043 oblato
606 3992 782 4046 laetari.
806 4020 872 4032 —
892 3994 1132 4059 Plffaeemr
1151 4032 1164 4051 .
1204 4009 1300 4061 pro
1323 3991 1415 4060 pi-

411 4085 573 4134 gnore
598 4069 975 4126 benevolentia
1002 4080 1104 4124 tua
1130 4068 1316 4123 habeo.
1349 4096 1416 4107 —

2373 1564 2389 1577 ,
2402 1518 2502 1569 625

1493 1721 1688 1791 Regius
1714 1720 1761 1774 A
1795 1720 1937 1774 hunc
1967 1739 2175 1775 versum
2213 1720 2284 1774 ita
2307 1720 2465 1777 babet
2491 1744 2505 1776 ε

1489 1818 1598 1867 qnae
1612 1801 1709 1851 das
1719 1801 2087 1866 ne‘kt'pigaora‚
2110 1818 2304 1852 unnen-
2323 1797 2507 1855 Codex

1493 1876 1540 1929 B
1568 1916 1582 1943 ,
1629 1879 1768 1946 quod
1803 1879 1901 1929 das
1932 1879 2062 1930 armi
2088 1880 2316 1945 pignoris
2352 1897 2508 1931 ouen.

1493 1953 1719 2023 Vulgata
1730 1953 1884 2009 lectio
1899 1973 2021 2007 vera
2034 1953 2241 2006 videtur
2254 1974 2269 2017 ς
2283 1953 2353 2008 sic
2370 1955 2505 2024 apud

1493 2029 1835 2097 Ciceronem,
1850 2031 2072 2101 Philipp.
2089 2031 2243 2097 XIV,
2258 2051 2277 2083 ι
2288 2052 2315 2083 a
2330 2049 2344 2084 ε
2359 2034 2507 2085 Mars

1494 2114 1603 2175 ipse
1623 2113 1678 2161 iu
1696 2114 1809 2161 acie
1815 2108 2154 2176 sedebamus
2176 2127 2411 2176 quemque
2422 2114 2513 2177 pe·-

1491 2190 1849 2257 gnerarisolet.
1873 2185 2011 2241 Vide
2032 2187 2269 2242 Nonium
2288 2226 2304 2254 ,
2328 2188 2383 2240 in
2400 2206 2511 2242 voc.

1488 2270 1781 2334 pignerata·
1810 2275 1867 2318 et
1898 2263 2018 2320 Aul.
2042 2263 2277 2319 Gellium
2303 2304 2319 2333 ,
2358 2265 2511 2320 Noct.

1501 2340 1661 2395 Attic.
1684 2342 1911 2409 XVIII,
1943 2362 2016 2395 ia.
2040 2343 2141 2394 Ed.

1564 2420 1680 2472 622.
1692 2423 1985 2474 Bauli-sima
2054 2422 2325 2474 Dodom.
2338 2421 2392 2489 Q
2400 2439 2515 2474 uer-

1501 2516 1592 2551 cus
1627 2500 1899 2552 Dodoneae
1939 2508 2092 2551 erant
2122 2498 2474 2553 celeberrimae
2498 2540 2514 2566 ‚

1501 2575 1594 2630 sed
1615 2575 1671 2630 in
1695 2577 1863 2631 insula
1885 2576 2077 2646 AEgina
2099 2582 2387 2637 missione.
2426 2578 2515 2632 Sic

1504 2655 1699 2725 Regius
1712 2665 1767 2709 et
1778 2655 2073 2708 Burmann.
2091 2655 2354 2709 Arborem
2371 2655 2515 2709 enim

1491 2737 1689 2801 patule&
1708 2738 1866 2786 mmin-
1886 2733 2109 2786 minime
2126 2732 2227 2787 dici
2251 2751 2397 2803 posse
2414 2752 2518 2803 pu·-

1505 2821 1619 2865 tant
1630 2830 1812 2864 tamn.
1838 2810 2030 2864 Monet
2051 2828 2211 2879 porro
2235 2810 2515 2864 Burman-

1505 2906 1605 2941 nus
1628 2906 1775 2958 posse
1799 2899 1855 2942 et
1875 2891 2161 2941 clar-timbre
2191 2887 2308 2957 legi.
2345 2887 2518 2940 Hein-

1504 2968 1609 3022 sius
1631 2977 1880 3034 suaserat,
1894 2971 2163 3020 laltkstina.
2186 2967 2233 3020 E
2248 2966 2486 3020 vers-636
2500 3006 2515 3031 ‚

1506 3047 1714 3116 colligas
1734 3087 1749 3112 ,
1774 3058 1984 3117 poetam
2008 3064 2260 3115 quercum
2283 3045 2519 3115 plurimis

1507 3125 1664 3178 ramis
1684 3124 1914 3177 indicare
1932 3124 2167 3178 voluisse.
2181 3124 2354 3193 Atque
2370 3125 2520 3193 plura

1507 3215 1790 3258 occurrunt
1814 3204 1925 3256 loca
1946 3243 1960 3269 ,
2001 3205 2090 3257 ubi
2115 3203 2383 3259 densitatis
2406 3224 2520 3258 no·-

1508 3282 1706 3336 tionem
1724 3293 2063 3352 exspectasses
2079 3322 2094 3348 ,
2111 3294 2164 3337 et
2182 3294 2358 3337 tamen
2377 3303 2522 3336 rarus

1508 3372 1813 3431 usurpatum
1829 3370 1936 3427 est,
1962 3371 2020 3414 ut
2038 3361 2259 3431 Virgilio
2277 3401 2292 3428 ,
2319 3361 2427 3415 Ecl.
2445 3363 2520 3428 V,

1512 3459 1538 3507 7
1558 3461 1571 3503 3
1592 3439 1734 3505 vll,
1759 3439 1857 3505 453
1890 3437 2140 3492 Cornelio
2164 3440 2296 3509 Nep.
2318 3439 2342 3492 I
2357 3478 2372 3504 ‚
2399 3455 2455 3505 v,
2474 3439 2520 3492 3.

1507 3519 1734 3575 Lenzius
1756 3518 1857 3573 boc
1880 3519 1993 3572 loco
2017 3524 2321 3572 mtkse‘mam
2354 3519 2523 3571 inter-

1508 3607 1779 3667 pretatur,
1815 3598 1963 3665 cujus
1998 3597 2129 3650 rami
2163 3617 2217 3650 se
2250 3615 2358 3649 non
2389 3616 2520 3666 pre-

1511 3686 1698 3742 munt,
1722 3676 1862 3729 inter
1882 3694 2010 3745 quos
2026 3693 2213 3744 magna
2237 3676 2410 3743 potius
2424 3675 2521 3727 in-

1511 3755 1721 3810 tervalla
1736 3796 1750 3821 ,
1773 3755 2005 3826 adeoque
2023 3774 2243 3825 quercus
2262 3755 2519 3809 altissima.

1574 3833 1690 3900 624.
1709 3836 1813 3887 Hic
1832 3853 1925 3887 nos
1934 3834 2223 3901 fragm-gas
2243 3843 2338 3886 etc.
2356 3834 2522 3887 Locus

1510 3912 1708 3978 suavis,
1741 3931 1847 3982 quo
1879 3932 1962 3967 res
2001 3913 2171 3966 tenuis
2210 3911 2396 3966 decore
2421 3932 2522 3966 or-

1510 4000 1635 4043 nata
1656 4001 1709 4044 et
1734 4001 1919 4044 natura
1935 3990 2271 4044 formicarum
2296 3990 2521 4044 fideliter

1512 4088 1763 4139 expressa.
1787 4096 1855 4109 —
1880 4069 2088 4122 Grande
2116 4074 2311 4138 exiguo.
2336 4068 2522 4122 Hora·-
