2975 4784
680 340 1737 412 METAMORPHOSEON
1791 343 1989 410 LIB.
2045 343 2180 414 IV.

375 483 604 580 Quum
637 480 883 554 frustra
913 497 1227 555 resonant
1257 507 1381 554 aera
1414 478 1750 552 auxiliaria
1773 535 1791 565 ‚
1825 481 2046 554 Lunae.

377 593 685 669 Poscenti
720 593 1039 694 Nymphae
1072 594 1213 668 sine
1243 594 1373 667 fine
1405 593 1660 667 sororia
1691 592 1921 668 saltem

378 705 626 784 Oscula
645 763 665 796 ‚
694 706 958 806 jamque
990 735 1224 792 manus
1254 707 1338 780 ad
1362 707 1660 802 ‘eburnea
1693 705 1864 783 colla
1891 708 2123 783 ferenti
2143 767 2163 799 ‚

380 857 416 890 «
457 824 701 897 Desine
723 878 742 912 ,
778 821 880 897 vel
911 822 1097 918 sugio
1121 879 1141 911 ‚
1179 839 1565 923 tecumque,
1601 823 1728 912 ait,
1763 822 1891 897 ista
1924 822 2245 924 relinquo.
2285 859 2322 894 ι)

375 937 687 1012 Salmacis
717 937 1049 1027 extimuit,
1094 971 1129 1004 «
1164 940 1470 1038 Locaque
1505 937 1643 1011 haec
1678 937 1803 1011 tibi
1840 937 2047 1012 libera
2075 940 2262 1014 trado
2285 996 2305 1031 ,

382 1085 418 1117 ³>
456 1054 753 1154 HospeS,
789 1086 825 1117 ³>
860 1052 987 1139 ait;
1025 1052 1418 1153 simulatque
1455 1053 1664 1148 gradu
1700 1052 2030 1128 discedere
2064 1082 2272 1128 verso.
2377 1139 2382 1144 ,

346 1145 547 1242 Nl'um
583 1197 853 1269 quoque
884 1167 1277 1268 respiciens,
1313 1168 1755 1268 fruticumque
1790 1168 2129 1244 recondita
2163 1168 2325 1244 silva

378 1281 694 1372 Delituit;
730 1282 1101 1382 flexumque
1137 1311 1309 1378 genu
1343 1283 1695 1358 submisit:
1723 1302 1791 1358 at
1825 1283 1967 1372 ille,

2350 347 2481 437 317

2383 733 2482 789 335

2393 1307 2489 1376 340

379 1402 473 1473 Ut
503 1427 703 1501 puer,
734 1416 802 1473 et
832 1399 1052 1472 vacuis
1084 1417 1162 1474 ut
1195 1400 1656 1475 inobservatus
1691 1402 1763 1474 in
1790 1401 2055 1488 herbis,

377 1517 530 1590 Huc
560 1516 652 1604 it3
691 1533 756 1589 et
785 1515 941 1589 hinc
976 1513 1167 1604 illuc;
1203 1535 1268 1589 et
1299 1516 1368 1589 in
1402 1513 1877 1591 adludentibus
1911 1517 2108 1591 undis

380 1640 649 1713 Summa
677 1639 919 1740 pedum
941 1696 961 1728 ‚
994 1638 1261 1741 taloque
1292 1657 1485 1714 tenus
1519 1641 1794 1736 vestigia
1828 1641 2091 1738 tinguit.

377 1763 518 1836 Nec
546 1788 758 1849 mora,
792 1762 1105 1862 temperie
1137 1759 1530 1836 blandarum
1565 1780 1797 1863 captus
1832 1792 2181 1863 aquarum,

379 1881 621 1957 Mollia
652 1882 731 1958 de
762 1900 987 1958 tenero
1020 1882 1337 1958 velamina
1372 1912 1649 1986 corpore
1680 1886 1893 1986 ponit.

2388 1908 2490 1979 ³4⁵

379 2008 553 2080 Tum
585 2034 743 2081 vero
776 2005 1162 2107 obstupuit;
1198 2005 1521 2106 nudaeque
1555 2007 1864 2107 cupidine
1897 2005 2119 2081 formae

382 2245 545 2296 quum
566 2231 787 2282 canh'da
801 2229 886 2296 sit,
905 2238 1140 2298 tempore
1155 2227 1387 2288 desectus

379 2308 619 2370 mbesct’tg
637 2308 724 2377 qui
737 2307 901 2361 Lunae
916 2307 1078 2360 rubor
1093 2307 1248 2361 etiam
1263 2309 1385 2363 Am.

385 2384 440 2437 11
462 2423 477 2450 ,
502 2400 539 2436 v
555 2424 571 2450 ,
605 2385 667 2454 37
691 2424 706 2452 ,
743 2384 1119 2454 comparationi
1156 2384 1385 2439 inservit.

381 2463 695 2517 Persuasum
710 2475 887 2518 autem
899 2474 1010 2519 erat
1022 2464 1386 2535 superstitiose

379 2539 737 2609 multitudini,
762 2542 849 2596 tali
866 2552 1101 2613 tempore
1119 2542 1388 2596 Thessalas

378 2618 638 2673 veneficas
667 2619 720 2673 id
754 2640 906 2692 agere
927 2661 943 2690 ,
979 2632 1039 2676 ut
1072 2622 1387 2678 carminibus

381 2696 484 2750 suis
492 2695 700 2750 Lunam
715 2696 780 2751 de
796 2699 921 2753 calo
941 2699 1227 2767 deducant,
1244 2699 1387 2753 illam

382 2772 760 2829 vero'laborare
776 2814 791 2842 ,
815 2776 849 2828 i.
876 2796 922 2832 e.
943 2788 1126 2832 contra
1142 2777 1240 2831 niti
1255 2818 1270 2845 ‚
1288 2796 1390 2847 pu-

382 2870 544 2922 gnare
562 2891 577 2918 ,
602 2852 959 2924 laborantique
983 2855 1224 2910 homines
1240 2874 1386 2925 posse

380 2948 685 2984 succurrere
712 2970 728 2999 ,
771 2941 826 2984 et
865 2936 1113 2986 mimae
1128 2942 1387 2987 concentu

381 3005 705 3077 strepituque
749 3014 863 3061 eris
878 3048 894 3075 ,
928 3008 981 3063 h.
1015 3030 1060 3063 e.
1101 3011 1344 3065 tubarum
1369 3048 1386 3077 ,

352 3079 363 3102 ⁸
384 3102 646 3138 cornuum
659 3096 709 3139 et
728 3085 1197 3141 tintinnabulorum
1213 3107 1391 3142 aneo-

386 3181 525 3218 rum.
548 3162 658 3216 Liv.
681 3163 865 3217 XXVI
888 3203 904 3229 ,
930 3168 994 3226 5;
1020 3164 1204 3219 Senec.
1229 3166 1390 3236 Hipp.

387 3259 519 3293 vers.
548 3240 640 3309 785
663 3259 772 3309 sqq.
796 3239 930 3294 wid.
959 3238 1131 3293 Cerda
1154 3240 1219 3293 ad
1243 3241 1391 3311 Virg.

390 3316 504 3369 Ecl.
529 3317 698 3384 VIII,
723 3317 805 3388 69.
827 3316 935 3371 sed
954 3317 1065 3372 hac
1085 3318 1235 3371 tertia
1253 3318 1395 3372 simi-

386 3393 557 3448 litudo
576 3396 732 3464 paulo
754 3394 905 3448 altius
924 3395 1141 3465 repetita
1165 3404 1243 3448 est
1259 3435 1274 3463 ,
1294 3413 1395 3449 nec

387 3474 619 3541 jucunda
646 3474 947 3528 admodum.

455 3551 568 3618 334.
591 3553 792 3606 Soror-ia
802 3556 979 3606 oscula
990 3552 1147 3606 etiam
1167 3552 1264 3618 IX,
1284 3552 1393 3606 538.

392 3628 509 3697 Ipse
533 3629 772 3698 explicat,
799 3630 886 3696 11,
910 3629 1243 3696 431.—Jam
1269 3628 1413 3684 olim·

389 3705 643 3759 edebatur
675 3709 885 3760 Desinis
906 3713 1009 3759 ant.
1046 3706 1190 3758 Hinc
1213 3706 1397 3760 Hein-

386 3784 494 3838 sius
508 3801 632 3837 cum
645 3784 953 3838 Florentino
966 3784 1022 3837 S.
1042 3783 1209 3837 Marci
1224 3823 1239 3851 ,
1257 3785 1400 3838 Nea-

386 3862 650 3932 politano,
677 3860 848 3930 primo
874 3860 1132 3913 Vaticano
1154 3869 1208 3913 et
1231 3861 1399 3930 quin-

386 3961 494 4011 que
509 3939 619 3994 aliis
632 3940 853 3993 mutavit
872 3946 965 3992 aut
974 3938 1029 3992 in
1049 3958 1209 3991 an.—
1221 3940 1401 3994 Nostri

392 4020 635 4088 Codices,
650 4024 840 4074 desines
849 4025 952 4072 aut.
970 4018 1039 4071 Et
1048 4020 1283 4072 revocavi
1294 4020 1400 4074 lec-

389 4099 593 4154 tionem
617 4099 831 4162 Desine,
856 4096 1125 4167 velsueim·
1144 4097 1228 4150 cui
1252 4097 1401 4152 Nau-

1481 2230 1654 2301 gerius
1700 2229 2005 2298 praeserebat
2050 2246 2208 2298 quam
2252 2229 2489 2283 referunt

1480 2307 1648 2361 nostri
1676 2305 1912 2360 Codices.
1934 2306 2114 2376 Gierig
2140 2304 2346 2366 admisit
2366 2325 2379 2359 τ
2399 2308 2497 2359 de-

1479 2389 1591 2437 sine
1609 2391 1703 2436 aut
1711 2382 1892 2452 fufio,-
1917 2401 2040 2436 nam
2058 2422 2073 2449 ,
2099 2382 2264 2435 aiebat
2285 2421 2300 2448 ‚
2324 2382 2493 2435 inter·-

1479 2460 1683 2531 rogatio
1703 2463 1894 2513 deuius
1912 2463 1942 2515 ?
1966 2480 2034 2512 an
2052 2458 2202 2526 sagio
2215 2463 2245 2513 ?
2275 2459 2489 2512 incom-

1482 2536 1641 2590 moda
1656 2537 1778 2591 satis
1792 2546 1869 2590 est
1886 2546 2155 2590 :ceterum
2179 2535 2264 2589 hic
2281 2555 2491 2605 quoque

1481 2616 1781 2686 simplicitas
1814 2616 1963 2685 pueri
1994 2617 2129 2669 bene
2161 2626 2373 2677 notata;
2400 2615 2493 2669 sed

1482 2715 1545 2750 ea
1571 2706 1836 2765 nequeant
1860 2714 2069 2749 versum
2091 2696 2163 2750 ita
2187 2694 2494 2749 claudican-

1484 2783 1593 2827 tem
1617 2793 1873 2828 excusare.
1896 2776 1995 2828 Ed.

1549 2852 1662 2918 340.
1673 2853 1974 2918 Metumque
1981 2870 2123 2917 genn.
2142 2848 2365 2904 Codices
2376 2867 2493 2902 nos·

1482 2928 1551 2982 tri
1566 2968 1581 2996 ,
1595 2932 1823 2998 fies-oque
1829 2947 1974 2997 genu.
1990 2955 2058 2967 —
2067 2929 2360 2981 Subme’ttere
2365 2946 2498 2994 genu.

1483 3008 1550 3063 de
1567 3008 1943 3078 procumbente
1962 3008 2018 3060 in
2039 3026 2178 3076 genu
2194 3045 2210 3072 ‚
2237 3005 2489 3075 quemad-

1483 3085 1705 3139 modum
1714 3088 1998 3138 submittere
2007 3086 2144 3135 latus
2158 3080 2223 3135 de
2237 3082 2366 3135 bove
2377 3100 2493 3150 pro·

1485 3162 1796 3226 cumbente,
1823 3160 1956 3212 libro
1991 3160 2109 3224 111,
2136 3159 2213 3211 23.
2245 3159 2495 3212 Absolute

1486 3239 1675 3309 Vin-gil.
1711 3237 1925 3291 AEneid.
1965 3238 2080 3305 ΙΙΙ,
2123 3238 2188 3310 93
2216 3240 2506 3292 :Submissi

1478 3323 1697 3385 petimus
1722 3323 1916 3367 terram.

1555 3395 1670 3460 341.
1718 3394 1792 3444 Ut
1813 3393 2072 3446 rationem
2093 3392 2299 3459 reddit,
2324 3404 2383 3446 ut
2409 3394 2498 3463 qui

1480 3492 1612 3542 puer
1630 3481 1763 3525 esset
1785 3511 1801 3538 ,
1837 3490 2009 3541 neque
2046 3473 2178 3526 adeo
2211 3473 2340 3526 ullas
2361 3473 2497 3526 insi-

1493 3552 1602 3607 dias
1626 3562 1900 3605 metueret.
1927 3580 1993 3593 —
2014 3556 2090 3605 Bt
2100 3557 2293 3607 wenis.
2322 3553 2499 3607 Nostri

1498 3629 1718 3684 Codices
1740 3628 1934 3682 habent
1953 3636 2012 3682 ut
2033 3635 2243 3696 vacula
2268 3648 2382 3699 quc
2398 3650 2497 3684 re-

1494 3707 1676 3778 petitio
1712 3726 1835 3761 sane
1872 3706 2064 3760 insulsa
2108 3717 2262 3776 atque
2296 3708 2500 3778 ingrata

1494 3788 1599 3840 visa
1616 3796 1692 3841 est
1705 3786 1940 3840 Heinsio.
1952 3789 2051 3841 Ed.
2071 3815 2138 3829 —·
2158 3791 2334 3842 Vacua
2354 3788 2464 3841 loca
2477 3827 2495 3855 ,

1496 3884 1604 3920 non
1649 3865 1843 3919 consita
1884 3866 2117 3920 arbustis.
2161 3867 2248 3920 Sic
2282 3886 2499 3921 vacuum

1494 3961 1687 4005 amm,
1737 3942 1796 4009 I,
1819 3942 1931 3995 533.
1953 3942 2061 3997 Sed
2084 3943 2137 3997 h.
2153 3944 2184 3998 l.
2211 3945 2378 4013 potius
2398 3962 2498 3995 so-

1494 4019 1720 4074 litarium
1741 4029 1950 4090 pratum
1983 4021 2195 4092 intellig.
2224 4022 2312 4074 ubi
2335 4036 2499 4072 nemo

1494 4107 1599 4166 est,
1625 4098 1715 4167 qui
1737 4117 1862 4154 eum
1884 4099 2139 4154 observet.
2175 4126 2242 4140 —
2269 4100 2501 4152 Inobser-
