2975 4784
499 389 576 456 16
1262 387 1843 458 PRAEFATIO

485 526 709 614 Adde,
748 554 895 628 quae
932 527 1006 600 in
1034 525 1483 603 Deucalioneo
1534 527 1787 602 diluvio
1825 523 1907 601 de
1944 527 2128 601 Noto
2160 525 2466 600 evolante
2485 582 2504 615 ,
2545 527 2625 603 de

499 659 819 759 Neptuno
856 686 1078 733 amnes
1109 675 1515 734 convocante
1535 714 1555 748 ,
1591 659 1673 733 de
1701 658 1978 733 Tritone
2002 658 2268 754 signum
2297 656 2615 732 fluctibus

485 789 680 865 dante
699 790 842 881 ,de
866 789 1294 867 Deucalionis
1326 789 1644 892 querelis,
1680 791 1765 864 ab
1789 818 1871 865 eo
1900 789 2167 865 inventa
2200 807 2378 864 sunt.
2419 788 2622 889 Spre-

483 940 665 997 verat
710 922 930 997 Niobe
964 925 1287 998 Latonam
1320 951 1457 1023 prae
1491 952 1562 997 se
1584 977 1605 1011 ,
1656 950 1778 997 nec
1811 923 1953 1024 pati
1997 921 2299 997 voluerat
2341 951 2525 997 sacra
2556 923 2620 996 ei

477 1051 638 1126 fieri.
675 1052 1040 1149 Quomodo
1068 1053 1201 1155 hoc
1226 1054 1527 1128 tractavit
1548 1055 1790 1154 poeta?
1809 1056 2067 1155 Nempe
2087 1071 2301 1128 vatem
2326 1052 2618 1154 primum

478 1184 735 1261 inducit
754 1188 1032 1261 Latonae
1052 1213 1234 1260 sacra
1254 1184 1652 1261 indicentem
1668 1242 1688 1275 ,
1718 1204 1862 1261 tum
1883 1186 2152 1260 Nioben
2170 1186 2244 1258 in
2269 1185 2618 1286 publicum

479 1297 830 1411 cumsastu
853 1316 1295 1419 prodeuntem
1314 1371 1333 1404 ,
1367 1334 1566 1418 atque
1591 1316 1891 1391 oratione
1911 1315 2343 1391 audacissima
2370 1345 2439 1390 se
2459 1318 2620 1391 Deae

475 1448 951 1549 praeferentem.
1014 1450 1109 1521 Et
1146 1446 1320 1548 quid
1373 1446 1454 1521 de
1496 1446 1728 1548 Ceycis
1763 1465 1961 1548 atque
1998 1445 2377 1547 Halcyones
2410 1447 2616 1521 rebus

474 1581 740 1655 dicam?
788 1582 872 1653 In
916 1579 1001 1652 iis
1061 1579 1470 1680 tempestatis
1498 1576 1527 1667 ,'
1579 1579 1740 1652 artis
1791 1579 2072 1652 nauticae
2093 1632 2114 1665 ,
2154 1577 2388 1651 Somni
2423 1580 2615 1652 Mor-

471 1712 764 1813 pheiqne
786 1709 1295 1812 descriptiones,
1322 1729 1465 1785 tum
1489 1710 1868 1785 adfectuum
1887 1710 2263 1785 notationes
2287 1726 2614 1785 testantur

470 1841 846 1916 faecundum
878 1840 1085 1921 fuisse
1130 1841 1357 1915 Ovidii
1403 1842 1475 1914 in
1526 1841 1922 1917 inveniendo
1967 1842 2324 1939 ingenium.
2398 1842 2610 1915 Mitto

471 1970 667 2074 plura
699 1972 977 2061 addere3
1011 2000 1165 2046 nam
1198 1971 1504 2073 plurimae
1535 1971 1779 2047 fabulae
1805 1973 1939 2047 huc
1977 1971 2276 2047 advocari
2300 1990 2604 2073 possent.

469 2104 711 2180 Monui
738 2104 1008 2206 quidem
1032 2132 1234 2205 supra
1251 2160 1271 2193 ,
1309 2103 1559 2193 nescire
1583 2131 1713 2178 nos
1729 2160 1748 2192 ,
1787 2103 1982 2206 quid,
2012 2121 2080 2178 et
2100 2120 2421 2204 quantum
2445 2102 2508 2177 ei
2534 2103 2606 2177 in

466 2236 713 2312 fabulis
750 2235 1126 2312 excolendis
1177 2236 1386 2311 Graeci
1421 2252 1639 2337 poetae
1669 2234 2228 2323 ministraverint3
2267 2234 2383 2309 sed
2419 2234 2608 2330 inge-

469 2369 656 2442 nium
706 2366 1092 2470 praeclarum
1119 2422 1141 2455 ,
1177 2367 1397 2475 quale‘
1422 2367 1497 2441 in
1550 2366 1863 2442 omnibns
1914 2365 2143 2440 Ovidii
2199 2365 2604 2439 carminibus

468 2501 712 2590 elucet,
751 2500 1102 2601 impetrare
1140 2528 1179 2572 a
1213 2527 1282 2573 se
1315 2528 1456 2579 non
1490 2515 1750 2600 potest,
1783 2516 1894 2585 ut,
1935 2497 2157 2571 missis
2192 2497 2332 2571 suis
2362 2497 2599 2586 bonis,

466 2653 780 2737 tanquam
812 2633 987 2707 fidus
1020 2634 1381 2731 interpres,
1419 2629 1588 2705 alios
1622 2656 1882 2732 semper
1914 2631 2384 2732 subsequatur.

564 2767 721 2839 Non
749 2792 1008 2839 summo
1035 2763 1271 2835 virium
1298 2761 1450 2835 nisu
1477 2782 1651 2861 opus
1676 2788 1872 2837 suum
1891 2761 2191 2850 effendit,
2221 2761 2340 2836 sed
2364 2791 2401 2835 e
2424 2759 2603 2836 felici

466 2891 582 2965 illa
605 2893 857 2987 ingenii
890 2921 1052 2967 vena
1084 2889 1378 2993 peperit,
1415 2918 1563 2991 quae
1590 2907 1760 2964 tacta
1785 2892 2007 2971 statim
2032 2891 2385 2991 profundit
2403 2890 2600 2994 quid-

471 3021 634 3122 quid
658 3020 743 3095 ad
769 3050 905 3096 rem
933 3022 1253 3123 pertinet,
1283 3020 1418 3094 sive
1443 3019 1666 3094 soluta
1687 3021 1984 3094 oratione
2009 3022 2218 3096 utaris
2236 3077 2257 3108 ,
2295 3022 2431 3097 sive
2457 3049 2599 3096 me-

469 3151 590 3225 tris
626 3152 995 3226 constricta.
1035 3154 1254 3227 Datur
1283 3152 1459 3227 enim
1491 3150 1624 3225 hoc
1657 3148 1941 3246 ingeniis
1975 3151 2376 3252 quibusdam
2407 3183 2449 3228 a
2478 3181 2597 3228 na-

470 3301 619 3356 tura
637 3336 656 3370 ,
684 3296 795 3368 ut,
821 3281 944 3355 ubi
971 3283 1323 3373 scribendo
1345 3280 1764 3359 incaluerunt
1782 3336 1804 3369 ,
1841 3280 2023 3356 illico
2047 3312 2276 3358 omnes
2297 3285 2395 3359 rei
2425 3304 2597 3359 trac-

468 3410 685 3484 tandae
702 3426 945 3509 partes,
958 3436 1179 3483 earum
1199 3441 1441 3487 nexum
1461 3411 1946 3512 verborumque
1960 3412 2301 3490 involucra
2315 3417 2597 3490 maxime
2653 3502 2662 3509 ‚

464 3538 710 3614 idonea
743 3538 1099 3612 clarissime
1133 3541 1559 3641 perspiciant.
1611 3539 1788 3614 Hinc
1822 3537 1936 3614 illa
1941 3540 2260 3641 facilitas,
2297 3574 2444 3646 quae
2469 3544 2600 3618 mi—

467 3668 647 3744 rifice
696 3670 948 3770 scripta
995 3669 1443 3756 commendat,
1482 3669 1729 3769 quibus
1775 3668 2131 3747 oblectatio
2166 3675 2599 3775 potissimum

473 3801 788 3904 quaeritur
816 3831 833 3874 :
865 3797 1158 3874 eamdem
1184 3815 1253 3871 et
1285 3825 1407 3898 per
1431 3816 1646 3875 totum
1679 3800 2081 3878 Ovidianum
2110 3833 2283 3905 opus
2312 3805 2596 3880 effusam

469 3932 800 4018 videmus;
836 3930 909 4004 in
942 3925 1205 4002 nullum
1224 3926 1411 4001 -enim
1444 3928 1795 4005 incidimus
1831 3930 2092 4021 locum,
2133 3934 2249 4034 qui
2282 3934 2546 4009 vultum
2570 3993 2593 4026 ‚

468 4085 549 4141 ut
569 4067 664 4141 ita
684 4062 893 4139 dicam
915 4117 935 4151 ,
967 4057 1239 4134 nitentis
1270 4056 1549 4150 babeat3
1582 4059 1697 4135 sed
1729 4062 1954 4136 omnia
1979 4082 2291 4165 apparet,
2323 4083 2594 4140 senten-
