2975 4784
527 321 654 414 378

1057 322 1139 386 P.
1205 320 1584 389 OVIDII
1636 321 2106 392 NASONIS

519 463 599 534 In
631 474 886 559 partem
919 474 1196 532 ventura
1225 459 1413 534 chori
1446 461 1756 535 Tritonia
1789 463 2006 538 nostri
2025 519 2044 552 ‚

2554 505 2653 560 270

520 575 692 647 Vera
725 571 965 660 resers3
997 573 1367 676 meritoque
1397 577 1653 677 probas
1687 594 1992 679 artesque
2014 634 2036 665 ‚
2071 575 2472 682 locumque3

519 691 612 763 Et
642 705 892 784 gratam
928 708 1175 765 sortem
1195 748 1214 779 ‚
1253 709 1413 769 tuta
1445 693 1652 767 modo
1689 694 1930 781 simus,
1963 694 2311 770 habemus.

523 803 658 877 Sed
679 859 699 893 ‚
737 806 1013 880 vetitum
1047 825 1150 881 est
1174 807 1340 883 adeo
1375 808 1608 884 sceleri
1642 808 1850 884 nihil!
1882 810 2116 884 omnia
2145 828 2398 887 terrent

524 918 874 1015 Virgineas
906 940 1195 1012 mentes,
1234 923 1554 1025 dirusque
1584 942 1736 999 ante
1773 954 1891 1000 ora
1929 926 2265 1027 Pyreneus

527 1034 866 1124 Vertitur3
904 1056 972 1113 et
1005 1039 1307 1116 nondum
1336 1061 1444 1116 me
1481 1058 1627 1115 tota
1655 1059 1875 1118 mente
1909 1043 2153 1145 recepi.
2562 1066 2658 1135 275

526 1152 767 1228 Daulia
797 1154 1137 1248 Threicio,
1175 1158 1569 1258 Phoceaque
1603 1157 1815 1232 milite
1847 1186 2001 1232 rura

532 1269 814 1371 Ceperat
847 1269 957 1345 ille
990 1270 1177 1347 ferox
1199 1328 1219 1360 ‚
1254 1274 1634 1376 injustaque
1671 1302 1874 1369 regua
1910 1273 2201 1348 tenebat.

532 1384 809 1487 Templa
835 1388 1226 1487 petebamus
1261 1391 1575 1464 Parnasia
1609 1419 1626 1462 ε
1660 1388 1830 1464 vidit
1858 1407 2128 1477 euntes3

533 1502 909 1602 Nostraque
942 1501 1158 1579 fallaci
1187 1522 1535 1579 veneratus
1559 1506 1836 1581 numina
1862 1504 2092 1580 cultu:

544 1649 580 1680 «
617 1617 1118 1709 Haemonides,
1157 1640 1480 1718 cognorat
1510 1621 1727 1710 enim,
1765 1621 2108 1696 consistite
2128 1678 2149 1710 ‚
2186 1621 2398 1708 dixin

2568 1643 2661 1694 ²80

544 1763 579 1794 »
617 1732 757 1805 Nec
786 1731 1125 1826 dubitate,
1160 1766 1429 1837 precor,
1466 1755 1645 1813 tecto
1679 1766 1873 1833 grave
1906 1736 2093 1812 sidus
2126 1755 2195 1812 et
2227 1736 2506 1810 imbrem
2527 1790 2548 1822 ‚

541 1880 577 1912 »
616 1848 841 1923 Imber
872 1869 1050 1940 erat,
1084 1851 1287 1926 vitare
1321 1882 1470 1927 meo
1501 1883 1517 1925 ε
1545 1854 1807 1928 subiere
1840 1854 2135 1927 minores

543 1996 581 2029 »
618 1964 806 2065 Saepe
839 1992 1020 2040 casas
1051 1966 1310 2068 Superi.
1353 2001 1389 2033 »
1415 1968 1635 2042 Dictis
1666 1986 1735 2042 et
1766 1986 2063 2070 tempore
2094 1986 2297 2043 mota

537 2083 1046 2189 Adnuimusque
1072 2089 1216 2164 viro
1236 2146 1255 2179 ‚
1292 2089 1674 2191 primasque
1703 2091 2095 2166 intravimus
2128 2090 2322 2165 aedes.

541 2210 892 2287 Desierant
924 2213 1203 2304 imbres;
1240 2215 1549 2316 victoque
1579 2214 2036 2318 Aquilonibus
2069 2217 2325 2289 Austro
2578 2233 2670 2284 285

540 2333 755 2408 Fusca
784 2353 1140 2437 repurgato
1164 2336 1511 2433 fugiebant
1541 2337 1775 2413 nubila
1809 2338 1990 2414 caelo.

544 2455 840 2555 Impetus
874 2458 969 2532 ire
1002 2457 1177 2533 fuit:
1206 2457 1457 2536 claudit
1482 2488 1600 2535 sna
1641 2478 1812 2536 tecta
1840 2462 2213 2564 Pyreneus3

543 2577 831 2680 Vimque
863 2598 1089 2682 parat,
1130 2612 1328 2684 quam
1357 2612 1483 2659 nos
1518 2585 1757 2660 sumtis
1789 2583 2148 2681 effugimus
2182 2580 2325 2657 alis.

543 2702 695 2803 lpse
731 2720 1100 2804 sequutnro
1135 2704 1371 2779 similis
1405 2706 1593 2781 stetit
1624 2705 1871 2783 arduus
1906 2734 2053 2781 arce
2082 2736 2099 2780 :

547 2937 850 2988 quanquam
870 2919 1043 2975 Mus-
1057 2930 1113 2975 et
1134 2920 1345 2975 cham
1329 2921 1570 2976 institue·

547 2996 690 3051 bant.
705 2997 921 3053 Hesiod.
936 2998 1139 3091 Theog:
1154 3019 1198 3069 7.
1223 2998 1568 3053 Suaviterad-

547 3072 750 3142 ditum,
773 3081 1061 3145 urguens-‚⁶
1085 3075 1474 3169 virgipesenim
1487 3079 1571 3130 sa-

548 3150 646 3205 eile
683 3161 966 3208 terrentur.
1013 3154 1086 3208 Et
1106 3153 1345 3227 virgineo
1378 3155 1572 3209 terrori

548 3232 876 3290 conveniunt
891 3245 945 3289 et
958 3236 1232 3305 sequentia
1249 3275 1265 3300 ‚
1289 3238 1569 3304 latrasque...

549 3317 767 3367 metitur.
789 3343 860 3358 -—
883 3319 1137 3387 &muers
1157 3337 1187 3372 e
1218 3317 1444 3371 Thracia
1466 3335 1571 3370 co-

549 3391 748 3447 loniam
771 3392 989 3447 deduxit
1017 3395 1071 3448 in
1098 3395 1358 3450 Boeotiam
1374 3436 1389 3462 ,
1411 3405 1571 3464 atque

554 3473 635 3527 vel
650 3472 877 3527 ruditate
892 3492 986 3527 sua
998 3473 1079 3527 vel
1093 3475 1234 3529 bello
1251 3476 1432 3529 Musas
1446 3473 1571 3529 inde

551 3551 752 3620 fugasse
778 3550 879 3604 dici
897 3551 1084 3620 potuit.
1099 3553 1239 3605 -Se
1257 3557 1472 3620 recipere
1482 3561 1574 3605 aut

553 3631 788 3696 colligere
821 3625 1071 3680 dicuntur
1098 3665 1115 3693 ,
1154 3628 1244 3696 qui
1280 3647 1345 3681 ex
1381 3646 1572 3698 magna

554 3704 717 3758 animi
745 3705 1140 3776 perturbatione
1177 3704 1242 3760 ad
1267 3707 1574 3777 tranquilli-

560 3790 724 3836 tatem
741 3783 986 3838 redeunt.

621 3859 734 3927 276.
765 3862 991 3925 vam,
1032 3860 1157 3913 urbe
1193 3858 1439 3916 Phocidis
1460 3901 1476 3928 ,
1513 3883 1576 3916 ex

557 3952 660 4004 qua
682 3936 765 3989 via
802 3938 1027 3992 ducebat
1061 3937 1128 3992 ad
1157 3938 1398 3992 Parnasi
1433 3942 1575 4011 juga.

556 4015 781 4068 Pausan.
805 4016 968 4070 Phoc.
986 4038 1034 4088 p.
1055 4020 1151 4085 807
1168 4036 1279 4087 sqq.
1293 4020 1578 4087 —Templa

557 4097 814 4151 Parnasia
835 4113 1029 4164 nempe
1054 4096 1312 4166 Apollinis
1345 4107 1398 4152 et
1437 4096 1577 4151 Bac-

1664 2922 1783 2987 chi,
1821 2922 1911 2992 qui
1942 2921 2015 2976 ibi
2048 2920 2372 2975 colebantur.
2398 2916 2589 2984 Rode,
2618 2937 2676 2969 ,τι

1662 3004 1760 3054 den
1782 3002 1994 3054 Hoeheae
2011 3002 2106 3053 des
2129 3001 2188 3052 P.

1731 3080 1846 3132 280.
1872 3079 2154 3130 ConsIsIem
2179 3073 2388 3144 proprie
2412 3072 2673 3136 dicuntur,

1665 3156 1757 3225 qui
1798 3174 1830 3208 a
1863 3173 2020 3209 cursu
2056 3163 2147 3206 aut
2179 3152 2370 3205 itinere
2392 3151 2679 3220 quiescunt.

1664 3236 1863 3291 Bou.
1886 3263 1954 3277 -
1990 3236 2167 3294 Sidus,
2203 3242 2489 3301 tempestas
2508 3270 2527 3297 ,
2569 3231 2682 3300 qnia

1665 3325 1813 3369 ortus
1832 3313 2065 3368 siderum
2091 3321 2145 3365 et
2168 3329 2379 3365 oceanus
2400 3319 2681 3379 temperu—

1666 3403 1746 3446 tes
1770 3391 2013 3447 eoncitat.
2040 3389 2181 3444 Flor.
2215 3389 2302 3455 11,
2328 3403 2472 3454 vm,
2498 3388 2564 3454 8,
2597 3388 2684 3439 hc

1665 3474 1806 3525 uh!
1824 3472 1989 3523 sidere
2011 3470 2245 3523 Asebte'ee‘
2258 3470 2385 3520 belle·
2396 3472 2542 3518 neoto
2564 3472 2683 3518 te·-

1658 3555 1855 3617 peslcs.
1863 3546 1971 3602 Sed
1988 3546 2332 3600 Burmannus
2342 3542 2528 3596 mnes
2543 3561 2686 3610 grute

1650 3629 1855 3699 frigus,
1884 3625 2007 3696 quia
2030 3635 2196 3695 poeto
2216 3641 2373 3692 moe
2402 3625 2557 3675 :ihs
2588 3638 2683 3672 vo·-

1668 3703 1973 3759 earesolent
1999 3719 2175 3756 aerem
2192 3699 2361 3754 edem
2381 3709 2437 3753 et
2454 3696 2687 3751 indeve-

1666 3784 1977 3838 hementem
2003 3780 2266 3842 calorem·
2286 3776 2379 3832 aed
2406 3776 2553 3830 hunc
2580 3792 2685 3828 m

1668 3859 1953 3915 convenire
1967 3858 2146 3922 imbri,
2165 3856 2307 3926 quia,
2324 3873 2495 3928 quum
2509 3852 2595 3906 ine
2612 3868 2685 3903 ea·

1670 3937 1788 4002 dat,
1823 3936 2159 3990 vehementia
2180 3933 2365 3988 siden-is
2390 3935 2684 4000 stangnum

1671 4018 1976 4088 quaomnia
1988 4018 2179 4071 frustra
2191 4017 2258 4071 ab
2266 4034 2333 4070 eo
2342 4014 2689 4067 mouit-mc.

1736 4096 1850 4163 284.
1883 4099 2086 4151 Pauus
2107 4097 2267 4160 edes,
2297 4093 2509 4148 atrium.
2534 4116 2605 4130 —-
2624 4087 2685 4140 ln
