2975 4784
446 284 568 352 168

999 285 1077 351 P.
1128 267 1488 354 ovmn
1545 282 1999 354 NASONIS

365 445 370 458 '
435 417 709 501 Dixerat
742 426 881 499 haec
913 424 1143 502 Tellus
1177 458 1193 501 :
1225 455 1441 529 neque
1467 428 1645 502 enim
1685 426 1965 502 tolerare
1998 455 2310 529 vaporem

438 541 738 616 Ulterius
769 544 1029 644 potuit,
1064 574 1187 620 nec
1223 545 1437 619 dicere
1468 543 1695 646 plura;
1734 572 2059 644 suumque

442 655 736 731 Rettulit
769 688 845 733 os
878 659 950 732 in
983 689 1089 747 se,
1128 661 1576 762 propioraque
1606 658 1924 733 Manibus
1954 675 2160 732 antra.

535 776 634 847 At
664 792 853 875 pater
885 776 1312 876 omnipotens
1349 775 1642 878 Superos
1679 792 1988 862 testatus,
2023 792 2089 849 et
2118 775 2343 876 ipsum

443 892 586 989 Qui
625 892 892 967 dederat
925 921 1192 980 currus,
1228 892 1358 965 nisi
1393 920 1590 993 opem
1627 890 1830 978 ferat,
1868 891 2091 964 omnia
2119 889 2262 964 fato

2475 910 2575 966 30⁵

439 1010 801 1083 Interitura
835 1010 1052 1105 gravi3
1088 1038 1411 1084 summam
1449 1009 1620 1110 petit
1651 1008 1898 1083 arduus
1933 1037 2146 1084 arcem
2166 1065 2186 1099 ,

444 1124 644 1199 Unde
678 1124 852 1200 solet
887 1124 1036 1199 latis
1071 1123 1286 1198 nubes
1319 1124 1630 1199 inducere
1665 1125 1896 1211 terris;

448 1240 647 1315 Unde
681 1258 902 1316 movet
937 1241 1224 1315 tonitrus
1244 1296 1264 1329 ,
1298 1240 1683 1343 vibrataque
1715 1239 1992 1314 fulmina
2019 1240 2241 1338 jactat.

450 1362 584 1437 Sed
621 1392 836 1465 neque
857 1420 875 1452 ,
913 1392 1077 1465 quas
1112 1381 1344 1465 posset
1374 1364 1567 1443 terris
1600 1363 1941 1450 inducere,
1972 1361 2187 1435 nubes

444 1480 640 1553 Tunc
674 1480 956 1566 habuit3
992 1509 1147 1569 nec,
1188 1508 1357 1581 quos
1393 1479 1553 1554 caelo
1583 1479 1975 1565 dimitteret,
2013 1476 2279 1574 imbres.

2486 1498 2585 1549 310

445 1596 767 1669 Intonat:
798 1614 866 1669 et
892 1596 1117 1672 dextra
1157 1596 1473 1671 libratum
1505 1595 1757 1670 fulmen
1783 1595 1865 1668 ab
1898 1621 2052 1668 aure

446 1711 643 1784 Misit
676 1710 747 1783 in
780 1712 1115 1809 aurigam3
1153 1714 1531 1815 pariterque
1565 1712 1909 1813 animaque
1941 1708 2241 1809 rotisque

447 1831 727 1933 Expulit
748 1888 767 1919 ‚
806 1851 873 1907 et
907 1834 1092 1908 saevis
1123 1836 1536 1936 compescuit
1564 1836 1835 1930 ignibus
1870 1833 2077 1929 ignes.

447 1955 977 2029 Consternantur
1010 1956 1198 2056 equi;
1235 1973 1305 2030 et
1336 1955 1511 2030 saltu
1546 1958 1619 2030 in
1649 1955 1975 2031 contraria
2005 1953 2182 2028 facto

446 2170 586 2225 Ptin.
604 2170 650 2235 1,
670 2170 834 2240 Epist.
851 2173 1366 2234 1.·-Rerumsnm'mae‚
1385 2172 1471 2224 in·-
1566 2170 1620 2223 vi
1641 2166 1909 2239 pingendi.
1934 2166 2117 2220 Jacula
2135 2165 2280 2220 enim
2299 2167 2592 2220 mittuntur

450 2245 739 2299 columitati
753 2247 910 2301 totius
923 2248 1167 2302 universi.
1178 2249 1267 2302 Sic
1276 2267 1473 2301 summa

449 2327 733 2392 me'publicae
756 2345 888 2396 saepe
931 2326 1069 2396 apud
1116 2326 1435 2380 Ciceronem
1457 2344 1472 2379 ε

455 2401 573 2454 vide
593 2402 809 2456 Ernesti
829 2403 1025 2457 clavem
1050 2401 1471 2458 Ciceronianam.

522 2479 639 2532 301.
672 2482 929 2544 Vaporem.
968 2478 1151 2532 Codex
1184 2480 1381 2550 Regius
1411 2480 1473 2532 B.

455 2577 694 2627 vapores:
710 2558 853 2629 parvi
873 2559 1105 2612 interest.
1120 2588 1186 2600 —
1205 2560 1280 2611 Os
1293 2578 1437 2611 suum
1450 2598 1465 2618 ‚

458 2636 638 2691 Tellus
651 2678 666 2704 ‚
682 2637 797 2690 Dea
816 2677 830 2703 ,
850 2641 1046 2690 rettulit
1056 2642 1111 2689 in
1125 2655 1196 2697 se,
1218 2637 1273 2690 in
1291 2636 1476 2689 orbem

458 2726 740 2769 terrarum.
786 2713 1040 2767 Ciosanus
1072 2714 1288 2784 putabat
1316 2753 1331 2779 ,
1377 2713 1477 2767 hoc

461 2791 683 2846 ductum
714 2811 824 2845 esse
856 2811 886 2843 a
916 2790 1184 2843 volumine
1207 2790 1477 2859 serpentis.

460 2897 527 2913 ·-
568 2875 904 2940 propioraque
934 2872 1168 2921 manibus
1199 2876 1364 2920 antra.
1414 2867 1483 2923 ld

461 2957 542 3002 est
571 2948 842 3017 speluncas
879 2944 1059 2999 inseris
1088 2943 1350 2998 finitimas.
1381 2944 1478 2998 lad.

527 3025 639 3092 304.
697 3027 907 3092 Superos
953 3028 1182 3076 testatus.
1230 3022 1480 3076 Testatur

465 3102 612 3156 Deos
634 3141 649 3169 ,
687 3102 879 3172 quippe
911 3112 1192 3155 necaturus
1217 3100 1482 3154 infelicem

467 3179 722 3249 aurigam.
737 3206 805 3220 ·-
817 3182 1066 3234 &rumam
1077 3199 1243 3234 arcem
1258 3220 1270 3240 ‚
1288 3177 1482 3231 altissi-

469 3275 618 3311 mam
639 3256 829 3311 mundi
852 3276 1001 3311 oram
1024 3259 1183 3328 petit,
1215 3267 1270 3309 et
1291 3256 1362 3310 sic
1386 3275 1484 3308 ar-

463 3342 595 3393 duus
605 3350 734 3393 erat.
747 3367 817 3378 —
829 3342 1000 3392 More!
1006 3380 1021 3402 ‚
1039 3339 1250 3392 excitat:
1265 3341 1481 3403 vibrata,

470 3419 659 3487 agitata
677 3460 693 3487 ,
720 3417 879 3472 hasta
900 3418 1080 3472 instar.
1113 3417 1212 3468 His
1234 3416 1484 3485 agitatio-

467 3496 623 3550 nibus
647 3495 965 3551 acceleratur
984 3495 1150 3565 jactus
1174 3493 1262 3547 teli
1286 3505 1375 3546 aut
1392 3494 1486 3547 sul-

466 3573 641 3625 minis.
678 3575 808 3626 Mox
827 3572 1270 3639 le‘bmtumsalmen
1295 3570 1486 3624 eodem

469 3670 626 3707 sensu
647 3672 661 3715 3
687 3671 813 3704 nam
826 3656 1010 3704 librate
1023 3671 1101 3719 pr.
1121 3650 1185 3705 de
1202 3661 1353 3704 motu
1371 3670 1488 3704 ma·

473 3749 605 3796 nus,
631 3746 738 3797 quo
762 3728 1089 3798 exploramus
1112 3727 1360 3799 pondera.
1401 3727 1490 3781 Si-

475 3807 627 3863 miles
638 3814 817 3859 autem
831 3815 1005 3858 motus
1018 3805 1210 3858 faciunt
1225 3844 1240 3870 ‚
1269 3805 1358 3872 qui
1372 3824 1490 3857 ma-

476 3905 580 3958 gna
601 3884 652 3937 vi
677 3882 930 3953 projicere
958 3879 1149 3950 aliquid
1177 3882 1375 3934 volunt.
1403 3880 1488 3934 Cs.

476 3966 732 4020 Arntzen.
759 3970 815 4014 et
836 3958 1097 4014 Schwarz.
1130 3958 1193 4011 ad
1229 3959 1363 4013 Ptin.
1388 3960 1491 4014 Pa-

472 4062 590 4114 neg.
612 4041 847 4098 xl11.—
859 4038 1120 4094 libratum
1141 4042 1209 4091 a}
1228 4058 1349 4092 aare
1366 4057 1488 4093 cum

1569 2246 1650 2299 vel
1676 2247 1739 2299 ab
1762 2266 1886 2299 aure
1905 2285 1920 2310 ,
1945 2245 2026 2297 vel
2049 2263 2079 2297 a
2099 2244 2259 2298 latere
2287 2265 2301 2298 ε
2328 2245 2437 2298 vid.
2456 2243 2592 2298 Cer-

1571 2323 1638 2376 da
1654 2322 1720 2376 ad
1739 2322 1921 2392 Virgil.
1940 2320 2152 2375 AEneid,
2170 2323 2250 2376 lx
2267 2362 2282 2390 ,
2307 2326 2403 2395 417
2423 2344 2439 2388 ς
2466 2324 2555 2377 ubi
2575 2362 2592 2391 ‚

1571 2420 1765 2454 summa
1785 2404 1935 2452 telum
1952 2403 2178 2452 libe-aba!
2193 2404 2260 2453 ab
2279 2421 2415 2454 aare.
2442 2402 2595 2456 Nost.

1571 2481 1708 2533 infra
1731 2499 1862 2533 vers.
1884 2480 1985 2547 624
2020 2498 2033 2531 :
2073 2482 2285 2532 malleus
2307 2483 2492 2533 dextra
2516 2484 2598 2534 li-

1573 2563 1744 2612 bratus
1758 2562 1825 2610 ab
1846 2578 1980 2611 aure.
2005 2557 2190 2610 Senec.
2213 2556 2278 2610 de
2297 2558 2488 2612 Benes.
2514 2559 2596 2620 11.

1573 2634 1608 2687 6
1632 2653 1643 2687 :
1664 2636 1920 2705 Iffim‘lum
1941 2640 2147 2688 lateres!
2160 2674 2173 2694 ,
2197 2641 2359 2687 utrum
2377 2654 2602 2690 excusso

1572 2718 1760 2768 lacerto
1787 2718 1890 2767 tela
1912 2720 2260 2783 torqueantur,
2287 2734 2360 2767 aa
2380 2720 2602 2768 :emersa

1575 2812 1727 2845 manu
1749 2792 1974 2861 effluant.

1642 2872 1757 2923 312.
1795 2875 1987 2924 Am’ma
2014 2873 2222 2940 expulit.
2258 2870 2386 2925 Vita
2420 2871 2606 2941 priva—

1577 2948 1651 3000 vit
1667 2989 1679 3009 ‚
1706 2959 1761 3001 et
1775 2953 1900 3001 mltis
1912 2990 1926 3008 ‚
1954 2968 2113 3001 curru
2130 2948 2338 3016 dejecit.
2351 2949 2606 3003 Anthou

1577 3028 1818 3093 expellere
1845 3035 1922 3079 est
1945 3024 2079 3078 infra
2106 3025 2186 3079 Vl
2205 3064 2220 3092 ,
2246 3026 2360 3079 618.
2378 3025 2604 3081 Durum

1580 3103 1795 3174 quidem
1819 3114 1896 3157 est
1919 3109 2093 3157 anima
2107 3106 2378 3171 expellere,
2406 3104 2607 3158 seren-

1580 3182 1707 3234 dum
1753 3192 1931 3236 tamen
1974 3182 2030 3235 in
2077 3193 2230 3253 poeta
2249 3222 2265 3248 ‚
2305 3185 2608 3252 presertim

1581 3279 1746 3330 quum
1765 3267 1891 3315 rom·
1901 3259 2137 3313 addatur.
2149 3260 2299 3330 Saepe
2312 3261 2461 3314 enim
2475 3261 2609 3315 dno·

1579 3336 1677 3390 bus
1701 3337 1915 3392 diversis
1937 3336 2241 3390 nominibus
2267 3356 2441 3390 unum
2469 3358 2609 3391 ver—

1580 3415 1711 3468 bum
1746 3416 1818 3469 sic
1864 3415 2304 3470 accommodatur.
2346 3407 2613 3473 Simili'ter

1583 3503 1762 3545 autem
1791 3494 1899 3546 sere
1929 3493 2134 3547 locutus
2156 3505 2234 3548 est
2259 3493 2398 3548 Plin.
2429 3493 2573 3549 Vlll
2592 3536 2609 3564 ‚

1584 3572 1682 3642 Ep.
1708 3590 1767 3626 1v
1789 3593 1802 3625 :
1827 3576 2036 3627 Pulsum
2058 3579 2198 3641 regia
2213 3614 2227 3634 .
2247 3577 2454 3642 pulsan
2478 3581 2615 3630 w'lae.

1581 3678 1649 3691 —
1663 3652 1942 3718 Saeeie'gnes
1955 3693 1967 3713 ‚
1994 3651 2141 3704 ,Iovis
2159 3651 2382 3704 fulmina
2401 3691 2417 3718 ,
2446 3664 2506 3707 ut
2527 3653 2615 3706 lv

1584 3729 1745 3784 Trist.
1770 3747 1838 3783 m
1854 3771 1868 3797 ‚
1903 3732 1985 3804 69.
2009 3731 2152 3784 Male
2175 3730 2333 3802 igitur
2355 3730 2411 3784 h.
2434 3731 2469 3786 l.
2488 3734 2616 3802 qui-

1586 3805 1708 3859 dam
1729 3848 1742 3866 .
1768 3827 1942 3860 sevos.

1652 3883 1765 3936 313.
1794 3887 2021 3954 Expulit.
2061 3882 2212 3938 Olim
2247 3884 2374 3938 edit.
2410 3887 2612 3951 Exuit,

1586 3960 1728 4031 quod
1754 3972 1808 4014 et
1830 3962 2043 4032 plurimi
2070 3961 2244 4015 codd.
2270 3962 2483 4018 habent.
2510 3963 2618 4018 Al-

1586 4051 1762 4094 terum
1778 4079 1795 4108 ‚
1829 4050 1890 4094 ut
1914 4050 1968 4095 et
1995 4041 2338 4096 Burmannus
2361 4041 2614 4108 monuit,
