2975 4784
551 388 686 458 DE
738 385 1083 457 OPERE
1134 385 2191 459 METAMORPHOSEON.
2362 394 2446 458 25

318 532 570 633 quisque
580 529 880 629 malosue't
892 530 1106 604 ususin
1119 530 1230 603 illo
1248 558 1275 614 ,·
1305 547 1421 604 aut
1434 530 1745 604 minutias
1767 558 1989 605 curare
2010 558 2105 605 vs.
2139 555 2182 602 2
2197 556 2224 602 1
2245 555 2272 601 1
2295 559 2443 632 sqq.

290 660 581 760 fissaque
628 656 889 755 (tellus)
924 658 1057 756 agit
1098 656 1280 730 n'mas
1295 714 1314 740 ,
1374 670 1436 729 et
1474 656 1665 729 succe}
1704 671 1833 730 aret
1876 656 2145 731 ademtis.
2201 640 2451 732 Pabula

321 796 646 856 canescunt
658 811 685 866 ;
716 809 884 855 vers.
925 777 1065 853 252
1091 807 1239 880 sqq.
1258 834 1279 867 ‚
1306 805 1445 880 quoe
1463 779 1780 854 Moeam'as
1800 781 2168 857 celebrarant
2195 782 2452 855 cannhte

326 910 524 1010 upa-5,
564 908 915 982 anm'moe
940 906 1217 981 volucres
1242 905 1437 981 media
1478 907 1714 980 caluere
1756 905 2032 1014 Caystro.
2069 909 2243 1007 Quis
2275 909 2451 984 enim

324 1032 397 1105 in
445 1051 576 1106 tam
615 1031 797 1126 gravi
830 1028 1195 1106 calamitate
1231 1058 1592 1131 cygnorum
1628 1029 1912 1105 calorem
1946 1037 2180 1108 curet?
2225 1035 2355 1109 Sed
2386 1052 2455 1109 et

325 1185 495 1231 vers.
536 1154 676 1229 265
711 1183 858 1256 sqq.
894 1154 1214 1255 delphinas
1242 1153 1440 1229 nobis
1472 1154 1767 1229 ostendit
1807 1154 2162 1231 latitantes.
2216 1160 2354 1231 Nec
2385 1156 2456 1231 in

326 1280 536 1382 pestis
561 1277 1002 1378 descriptione
1022 1333 1042 1365 ‚
1069 1279 1201 1351 VII
1217 1334 1238 1365 ‚
1275 1275 1415 1350 538
1441 1306 1590 1381 sqq.
1615 1333 1635 1365 ‚
1664 1277 1939 1354 modum
1959 1280 2255 1355 servavit.
2285 1283 2456 1356 Rec-

328 1405 461 1479 tius
494 1421 670 1478 certe
706 1403 1018 1477 abessent
1045 1400 1159 1477 illa
1177 1459 1197 1490 ‚

489 1556 631 1616 Non
657 1575 790 1637 aper
815 1553 979 1616 irasci
1004 1552 1297 1627 meminit;
1334 1574 1440 1616 nec
1466 1553 1641 1615 fidere
1668 1576 1841 1616 eursu

497 1653 681 1715 Cerva
700 1697 719 1729 ‚
746 1673 849 1715 nee
880 1653 1150 1715 armentis
1181 1653 1470 1714 incurrere
1502 1652 1745 1715 fortibus
1777 1653 1915 1714 ursi.

430 1785 695 1883 Inepte,
723 1784 818 1869 Π,
850 1780 991 1855 206
1015 1810 1160 1884 sqq.
1186 1838 1205 1870 ,
1231 1780 1302 1854 in
1326 1783 1567 1857 aethere
1590 1780 1819 1857 decliva
1840 1783 2095 1885 viasque
2110 1786 2456 1888 proectpites

330 1907 558 2004 fingit,
607 1933 727 1980 nec
764 1904 861 1976 ibi
905 1903 1075 1993 133,
1125 1904 1438 2005 mamsesta
1468 1922 1618 1980 ratoe
1647 1907 1903 2007 vesagnb
1933 1935 2075 1984 esse
2108 1925 2451 2008 poterant,

334 2031 448 2107 sed
470 2030 871 2105 luxuriantis
896 2029 1143 2125 ingenii
1174 2028 1289 2103 illa
1321 2049 1497 2104 sunt.
1541 2031 1829 2106 Tristem
1857 2031 2057 2105 nobis
2088 2050 2156 2105 et
2185 2034 2458 2106 commi-

338 2152 663 2229 seratione
698 2152 1151 2248 dignissimam
1172 2153 1505 2227 Actaeonis
1529 2170 1753 2226 narrat
1775 2170 2018 2227 sortem
2041 2208 2061 2240 ‚
2105 2154 2220 2226 sed
2253 2172 2321 2227 et
2345 2154 2458 2228 hic

340 2277 704 2365 ludit‚IlI,
734 2304 893 2378 199,
896 2275 1684 2379 fizge'tAutonoeausheros‚
1704 2276 2266 2350 Etsetameelerem
2283 2305 2460 2352 cursu

332 2406 599 2479 miratur
620 2404 682 2477 in
709 2406 857 2505 ipso.
891 2403 1161 2500 Frigida
1194 2420 1352 2477 sunt
1381 2400 1498 2476 illa
1521 2402 1839 2477 acumina.
1878 2444 1955 2458 —
1984 2405 2084 2476 111
2105 2458 2124 2490 ‚
2163 2401 2341 2495 425,
2379 2404 2460 2477 de

327 2529 663 2606 Narcisso·
704 2557 775 2603 se
831 2529 1051 2630 ipsum
1097 2546 1391 2616 amante,
1450 2541 1515 2601 et
1560 2526 1669 2630 qui
1698 2526 1927 2629 probat
1969 2528 2076 2600 ille
2102 2529 2409 2634 pmbatur
2433 2587 2451 2613 ,

328 2658 634 2759 Dumque
644 2657 834 2759 petit,
860 2657 1123 2758 petitur,
1146 2657 1494 2758 pariterque
1517 2654 1782 2729 incendit
1796 2670 1860 2729 et
1880 2655 2072 2729 ardet.
2102 2657 2425 2731 Eumdem
2439 2714 2459 2746 ‚

330 2782 451 2856 ubi
485 2809 775 2856 errorem
803 2810 996 2856 suum
1026 2782 1329 2878 agnovit,
1376 2781 1469 2856 sic
1503 2781 1880 2884 loquentem
1914 2810 2077 2857 vers.
2126 2780 2268 2875 464
2290 2806 2325 2870 ,·
2356 2783 2465 2855 in·-

336 2905 561 2979 ducit:
583 2906 916 2981 Flammas
934 2934 1249 3008 moveoque
1246 2906 1526 3008 feroque
1571 2907 1753 3009 Qued
1745 2906 1986 3007 saetam
2006 2911 2052 2979 Ρ
2073 2934 2270 3009 roger,
2310 2935 2465 2981 anne

342 3058 539 3129 mgem
559 3034 605 3104 Ρ
634 3030 790 3133 quid
810 3031 1027 3106 da‘nde
1052 3034 1327 3133 rogabo?
1380 3033 1580 3135 Quod
1602 3034 1778 3136 ειῳίο
1809 3061 2037 3107 mecum
2069 3048 2189 3120 est,
2229 3034 2463 3136 inopem

344 3182 439 3226 me
489 3155 667 3254 copia
690 3154 853 3255 ficit
890 3187 915 3228 .·
955 3156 1050 3230 ita
1099 3185 1236 3230 non
1278 3155 1449 3232 solet
1497 3156 1866 3260 desperatio
1911 3155 2223 3233 lascivire.
2280 3160 2466 3235 Idem

342 3307 511 3353 vers.
531 3279 673 3353 505
701 3310 718 3352 :
742 3278 910 3354 Tum
930 3310 1159 3384 quoque
1178 3311 1277 3368 se,
1304 3298 1628 3384 postquam
1641 3296 1736 3355 est
1749 3280 1982 3381 insema
1997 3282 2137 3356 sede
2161 3300 2459 3385 receptus,

236 3393 255 3409 ⁸
340 3402 430 3476 In
462 3402 681 3511 Sygza
702 3406 1013 3506 spectabat
1029 3434 1190 3509 aqua
1212 3438 1237 3479 .·
1267 3407 1336 3480 ἱιι
1370 3406 1608 3482 limosa
1638 3405 1752 3481 illa
1781 3405 2019 3508 palude
2050 3438 2186 3483 non
2209 3426 2473 3510 poterat

186 3602 195 3611 ,
342 3528 701 3630 quisquam
729 3557 800 3604 se
826 3548 1141 3631 spectare.
1168 3531 1424 3606 Thisbe
1452 3531 1522 3604 in
1545 3558 1796 3605 summa
1821 3531 2273 3634 desperatione
2290 3587 2310 3619 ‚
2337 3534 2469 3621 IV,

350 3651 527 3741 152,
572 3653 757 3752 justo
790 3655 1088 3750 argutius
1120 3655 1317 3744 dicit,
1371 3655 1590 3759 quique
1632 3682 1676 3728 a
1721 3683 1816 3728 me
1857 3671 2044 3729 morte
2084 3657 2290 3731 revelli
2324 3656 2474 3730 Heu

341 3778 485 3851 sala
504 3794 781 3877 poteras,
823 3782 1055 3880 poteris
1088 3809 1198 3856 nec
1243 3796 1431 3855 morte
1465 3781 1682 3855 melli.
1727 3781 1968 3856 Parum
2010 3780 2226 3883 placet
2241 3837 2261 3868 ‚
2295 3756 2504 3867 V11‚'

343 3898 525 4002 339,
571 3900 815 4003 duplex
841 3902 1012 3977 illud
1045 3931 1406 4005 oxymoron
1424 3960 1444 3993 ‚
1487 3921 1556 3979 ut
1578 3933 1829 4009 quoeque
1839 3905 1955 4006 pia
1981 3920 2104 3990 est,
2145 3902 2479 3979 honau'bus

341 4028 537 4128 impia
548 4030 762 4128 prima
780 4044 873 4103 est
897 4059 922 4100 .·
952 4027 1085 4114 Et,
1123 4055 1199 4100 ne
1224 4028 1305 4101 sit
1322 4028 1611 4113 scelerata
1627 4030 1820 4131 ‚facit
1838 4030 2049 4103 scelus.
2099 4029 2239 4131 Ipsi
2264 4043 2482 4101 autem

346 4170 537 4228 tanto
565 4154 785 4248 magis
815 4153 1245 4257 placuemnt3
1279 4155 1560 4256 repetita
1581 4156 1758 4230 enim
1791 4154 1877 4227 ab
1912 4180 1993 4225 eo
2025 4170 2184 4225 sunt
2206 4160 2484 4252 quater:
