2975 4784
634 415 1669 485 METAMoRPnosEoN
1715 397 1910 486 ΠΒ.
1962 422 2113 488 111.

2310 426 2438 516 275

318 591 357 622 >2
396 556 710 630 Addidici
745 556 1080 653 regimen,
1117 557 1347 631 dextra
1375 556 1788 645 moderante,
1819 559 2051 634 carinae

316 705 357 738 »
393 672 686 746 Flectere
716 702 732 744 ε
763 689 830 745 et
857 670 1113 745 Oleniae
1144 671 1330 746 sidus
1362 671 1648 774 pluviale
1680 674 1942 775 capellae
1962 731 1982 762 ,

320 826 359 858 υ
398 795 906 894 Taygetenque,
945 787 1343 890 Hyadasque
1375 789 1588 864 oculis
1615 791 2001 891 Arctonque
2035 793 2300 881 notavi,
2344 813 2443 885 595

320 941 361 973 >2
396 909 900 1005 Ventorumque
938 902 1175 976 domos
1196 959 1215 991 ,
1252 920 1319 976 et
1347 922 1586 1006 portus
1621 905 1965 1007 puppibus
1996 924 2205 1007 aptos,

322 1057 361 1088 »
397 1026 599 1097 Forte
630 1039 865 1124 petens
898 1018 1150 1108 Delon,
1194 1018 1380 1095 Chiae
1416 1019 1672 1094 telluris
1706 1021 1791 1094 ad
1826 1049 1976 1094 oras

385 1213 499 1286 593.
534 1214 842 1344 Αᾶἄιίῐεεῗ,
900 1208 1095 1264 discere
1137 1209 1332 1280 aliquid

315 1303 510 1363 praeter
531 1291 583 1345 id
605 1332 620 1358 ,
655 1312 728 1361 qu
823 1291 930 1359 iam
953 1301 1211 1345 tenemus.
1234 1290 1332 1344 si-

312 1369 441 1424 mile
468 1380 546 1423 est
566 1373 813 1422 addocete
824 1376 962 1422 artes
979 1367 1116 1439 apud
1140 1369 1331 1422 Horat.

313 1451 614 1504 Nautarum
625 1460 704 1503 est
718 1489 733 1517 ,
751 1468 934 1519 regere
945 1468 1135 1502 navem
1149 1488 1165 1518 ,
1179 1468 1332 1503 nosse

309 1528 489 1582 sidera
514 1539 570 1582 et
600 1538 796 1598 portus.
825 1557 892 1570 —
915 1531 1187 1596 Regimen,
1225 1547 1334 1599 gu-

310 1607 661 1661 bernaculum
680 1648 694 1675 ,
719 1607 908 1661 clavus.
934 1634 1003 1648 —
1020 1608 1145 1660 Jam
1166 1607 1337 1662 sidera

308 1685 405 1738 illa
419 1695 680 1738 memorat
698 1724 713 1751 ,
738 1704 854 1755 quae
873 1704 980 1755 pre
995 1685 1193 1739 caeteris
1210 1704 1336 1738 nau-

310 1773 398 1816 tas
423 1761 553 1814 olim
579 1760 852 1815 ducebant.
900 1764 1082 1815 Olenia
1104 1765 1333 1830 capella,

310 1838 636 1905 Amalthea,
673 1840 821 1908 cujus
843 1841 973 1894 lacte
996 1841 1190 1894 Jovem
1219 1859 1334 1893 nu·-

311 1917 505 1970 tritum
522 1918 716 1970 serunt.
741 1916 819 1969 Ea
835 1918 975 1970 inter
986 1916 1158 1970 sidera
1176 1918 1339 1971 relata

312 1993 495 2047 locum
528 2012 686 2046 suum
718 1991 875 2047 habet
901 1993 955 2045 in
991 1992 1216 2046 humero
1253 1992 1336 2046 si-

314 2073 491 2126 nistro
508 2071 773 2125 Heniochi
786 2074 893 2126 sive
914 2070 1119 2141 aurigae.
1138 2071 1336 2142 Hygin.

315 2151 480 2204 Poet.
511 2152 650 2204 Astr.
681 2149 768 2216 11,
809 2150 884 2202 13.
923 2151 1160 2202 Vocatur
1192 2152 1341 2201 sidus

302 2231 566 2296 pluoehle,
604 2237 659 2281 et
691 2229 745 2277 V
782 2225 922 2280 Fast-
963 2246 983 2278 1
998 2226 1055 2278 13
1074 2264 1090 2292 ,
1141 2231 1338 2293 signam

301 2310 570 2376 planicie,
617 2306 740 2376 quia
764 2305 993 2376 pluviam
1018 2304 1249 2357 nunciat.
1273 2329 1340 2347 -

322 2388 550 2457 Tayffde
568 2425 582 2448 ,
644 2404 754 2438 una
802 2405 866 2438 ex
914 2383 1224 2438 Pleiadibus.
1269 2409 1338 2425 —·

310 2465 531 2533 Hyades
548 2462 710 2517 stelle
725 2463 783 2516 in
801 2463 969 2531 capite
994 2462 1161 2515 Tauri
1178 2500 1194 2528 ,
1218 2478 1336 2530 qun

310 2559 486 2610 quum
511 2540 760 2593 oriuntur
779 2552 834 2594 et
858 2538 1132 2604 occidunt,
1167 2539 1337 2609 largos

307 2620 513 2674 imbres
531 2619 690 2675 cient.
714 2617 914 2673 Gellius
932 2619 999 2672 N.
1020 2619 1082 2671 A.
1098 2617 1237 2671 XIII
1250 2656 1266 2683 ,
1286 2638 1336 2691 9.

306 2726 381 2739 -·
403 2697 592 2766 Quare
608 2700 821 2768 Hyades
843 2697 915 2751 sic
939 2696 1116 2764 dicte,
1143 2697 1232 2750 3223
1258 2707 1339 2752 taff

306 2783 421 2830 ὕειν.
445 2774 550 2828 Ed.
572 2802 641 2816 -
666 2777 887 2835 Arcton,
915 2774 1114 2828 Ursam
1144 2774 1337 2827 borea-

304 2853 419 2906 lem
433 2893 449 2917 ,
478 2852 816 2926 Cynosuram
835 2891 851 2917 ,
873 2851 954 2904 vel
977 2851 1217 2905 Helicen.
1232 2853 1334 2904 Ed.

303 2959 378 2972 —
398 2934 670 2985 Ventorum
680 2934 882 2992 domos,
900 2927 1142 2999 regiones
1155 2968 1170 2994 ,
1191 2928 1334 2983 unde

300 3010 531 3080 spirant.

379 3090 497 3160 397.
538 3086 731 3139 Delon.
770 3083 931 3138 Delos
965 3084 1133 3162 insula
1174 3085 1336 3139 maris

304 3165 501 3236 AEgn'.
518 3164 840 3218 Ede-Cha».
864 3162 952 3217 Sic
966 3162 1133 3216 nostri
1155 3160 1335 3216 Codi-

298 3242 549 3308 canride
562 3243 696 3296 insta
706 3252 889 3295 notam
899 3252 1135 3295 nostram
1150 3252 1203 3294 et
1214 3240 1335 3295 Gie-

298 3326 391 3395 rig
407 3364 425 3392 ,
459 3324 517 3377 in
538 3323 655 3393 687.
674 3350 744 3363 -
764 3324 907 3380 Die,
936 3320 1077 3391 quod
1103 3322 1333 3390 primum

303 3401 600 3457 Constant.
626 3401 754 3454 Fan.
778 3420 849 3453 ex
875 3399 1131 3454 Abstemii
1156 3399 1335 3454 codice

297 3478 538 3551 protulit
549 3517 566 3545 ‚
585 3489 701 3531 tum
714 3478 964 3532 Heinsius
976 3497 1038 3532 ex
1053 3479 1334 3549 Langerm.

294 3556 546 3626 recepit,
559 3575 747 3609 verum
766 3575 876 3610 esse
894 3574 1001 3609 non
1025 3566 1209 3625 potest.
1226 3557 1337 3609 Dia

295 3634 463 3691 enim
486 3643 571 3687 est
589 3633 779 3688 eadem
814 3652 931 3703 qun
962 3635 1143 3687 Naxos
1172 3634 1333 3701 (Plin-

296 3714 388 3768 H.
419 3712 492 3766 N.
531 3712 644 3778 IV,
692 3709 780 3780 ια)
805 3751 821 3777 ,
859 3713 913 3764 in
946 3731 1105 3781 quam
1140 3712 1334 3767 deferri

290 3788 556 3845 Baccha·
590 3789 798 3843 volebat
813 3830 826 3851 ,
876 3808 1008 3842 vers.
1041 3791 1140 3842 636
1157 3830 1173 3856 ,
1215 3791 1333 3862 690.

292 3866 549 3923 Difficile
571 3877 651 3921 eat
681 3886 869 3920 verum
895 3886 1095 3921 nomen
1128 3867 1212 3921 hic
1236 3887 1335 3920 re-

294 3965 519 4018 ponere
542 3984 559 4011 ,
594 3947 847 4015 quoniam
871 3946 1161 4009 nescimus,
1189 3946 1335 3999 unde

294 4026 527 4080 Aeetes
546 4022 764 4076 solverit
780 4062 796 4088 ,
821 4041 922 4076 nec
943 4023 1116 4076 oeteri
1143 4034 1335 4076 aucto-

292 4123 398 4160 rea
449 4100 647 4172 aliquid
686 4101 818 4155 certi
869 4101 1216 4171 suppeditant.
1270 4102 1333 4155 ln

293 4182 523 4254 hymno
538 4180 816 4234 Bomoi-ic.
839 4190 893 4234 et
916 4180 980 4234 ab
1000 4179 1197 4252 Hygia.
1214 4179 1338 4233 nul-

1431 1211 1513 1265 lus
1562 1210 1707 1265 locus
1759 1221 2223 1266 commemoratur.
2289 1211 2446 1282 Apud

1434 1289 1675 1360 Apollod.
1689 1290 1924 1344 Bacchus
1938 1312 1997 1345 ex
2007 1294 2176 1344 Icartia
2190 1292 2243 1342 in
2265 1294 2448 1344 Naxon

1432 1369 1701 1422 transferri
1724 1368 1871 1432 vult3
1912 1380 2086 1423 nauta
2123 1380 2300 1422 autem
2327 1387 2446 1422 eam

1431 1446 1655 1500 insulam
1669 1450 2079 1518 praeternavigan
2088 1458 2162 1502 tes
2171 1449 2354 1501 Asiam
2364 1468 2450 1518 pe·

1434 1534 1589 1590 tunt,
1634 1535 1692 1577 ut
1713 1524 1941 1594 predam
1966 1525 2035 1578 ibi
2062 1523 2308 1578 vendant.
2345 1526 2451 1579 Per

1433 1603 1620 1655 Asiam
1675 1603 1918 1676 Heynius
1977 1601 2219 1673 intelligit
2271 1603 2451 1656 Asiam

1430 1683 1643 1751 proprie
1664 1682 1855 1736 dictam
1874 1724 1889 1750 ‚
1912 1683 2089 1756 Lydiae
2105 1694 2323 1753 partem.
2342 1684 2416 1737 At
2433 1724 2449 1750 ‚

1435 1761 1525 1830 qui
1548 1800 1564 1827 ,
1590 1760 1769 1815 relicta
1796 1761 1956 1815 Icaria
1975 1802 1989 1829 ,
2020 1763 2204 1816 Naxon
2231 1774 2450 1832 preter-

1433 1840 1713 1910 navigant,
1751 1841 1787 1894 ii
1816 1860 1925 1894 non
1954 1840 2267 1895 deseruntur
2294 1859 2453 1894 cursu

1432 1918 1489 1970 in
1512 1916 1733 2008 Lydiam
1756 1957 1770 1983 ,
1795 1917 1884 1971 sed
1908 1919 2070 1988 magis
2096 1918 2359 1988 magisque
2385 1918 2450 1971 ab

1433 2013 1494 2048 ea
1510 1993 1798 2048 discedunt.
1816 1995 2076 2048 Revocavi
2095 1994 2448 2062 antiquiorem

1432 2070 1715 2124 lectionem
1740 2090 1961 2140 eamque
1987 2071 2338 2140 plurimorum
2360 2090 2454 2123 co-

1433 2145 1645 2211 dicum,
1690 2148 1843 2208 Chefae.
1881 2149 2000 2200 Non
2028 2158 2203 2200 autem
2235 2147 2451 2218 intellig.

1436 2229 1594 2281 Chios
1615 2226 1782 2279 insula
1803 2226 2019 2279 celebris
2042 2245 2204 2296 prope
2230 2226 2452 2281 Ioniam.

1436 2303 1765 2372 Quanquam
1789 2303 1934 2356 enim
1964 2303 2139 2375 Lydus
2161 2305 2337 2358 Delon
2358 2325 2453 2376 pe-

1435 2392 1553 2436 tens
1568 2380 1849 2436 commode
1876 2381 1940 2435 ad
1958 2382 2231 2437 dexterum
2256 2385 2369 2453 ejus
2392 2384 2450 2438 li·

1430 2472 1517 2515 tus
1538 2460 1794 2531 appellere
1816 2461 2063 2531 potuisset
2082 2502 2098 2528 ,
2137 2482 2248 2516 non
2270 2474 2449 2519 tamen

1426 2539 1620 2594 Naxon
1645 2538 1708 2591 ad
1735 2539 2001 2593 dexteram
2026 2540 2284 2594 habuisset
2307 2582 2321 2609 ,
2358 2542 2450 2595 sed

1430 2636 1462 2670 e
1496 2617 1714 2685 regione
1747 2628 1800 2670 et
1838 2618 1992 2686 longe
2028 2629 2304 2672 remotam.
2341 2619 2449 2673 Sed

1431 2695 1771 2765 cogitandum
1799 2696 2008 2751 videtur
2030 2697 2096 2751 de
2128 2702 2256 2761 Ceo,
2293 2718 2450 2767 quam

1432 2773 1670 2827 Romani
1686 2773 1930 2828 nonnulli
1946 2786 1997 2828 et
2013 2777 2164 2829 Ceam
2179 2775 2446 2842 dixerunt,

1431 2860 1487 2904 et
1512 2851 1736 2905 Ptolem.
1760 2862 1907 2919 κίεν,
1933 2863 1990 2905 ut
2009 2853 2141 2907 adeo
2163 2854 2300 2907 sorte
2324 2854 2447 2907 eth.

1428 2929 1465 2983 l.
1499 2950 1529 2984 e
1569 2932 1784 2985 consilio
1807 2932 2188 2986 nonnullorum
2219 2936 2325 2987 Cle
2351 2952 2448 2986 re-

1429 3009 1766 3063 scribendum
1793 3011 1875 3064 sit.
1905 3011 1984 3063 Ea
2018 3011 2252 3080 quinque
2288 3011 2448 3066 millia

1432 3105 1676 3156 passuum
1688 3087 1908 3141 distabat
1920 3089 1984 3142 ab
2001 3089 2209 3142 Helena
2224 3128 2238 3155 ,
2260 3107 2450 3158 queru-

1432 3163 1723 3217 admodum
1778 3164 1889 3219 hac
1935 3185 1964 3218 a
2011 3166 2181 3219 Sunio
2223 3167 2445 3220 totidem

1432 3260 1622 3311 passus.
1642 3242 1781 3295 Plin.
1807 3242 1943 3295 Hist.
1970 3243 2089 3296 Nat.
2115 3243 2194 3296 IV
2211 3284 2227 3310 ‚
2266 3263 2452 3297 12-20.

1435 3318 1585 3372 Idem
1605 3318 1782 3387 tradit,
1797 3319 2038 3373 eamdem
2061 3332 2116 3374 et
2134 3325 2449 3394 Hydrusam

1432 3398 1755 3475 (ὑδρίεσσαν)
1788 3439 1803 3466 ,
1866 3400 2011 3469 aquis
2050 3401 2408 3455 abundantem
2431 3439 2446 3466 ,

1433 3475 1630 3530 Grecis
1661 3496 1770 3531 esse
1797 3477 2003 3530 dictam.
2040 3478 2105 3531 Ei
2128 3478 2290 3549 igitur
2311 3479 2447 3533 bene

1431 3555 1680 3608 convenit
1696 3594 1712 3622 ,
1726 3555 1866 3623 quod
1887 3556 2091 3610 Acoetes
2103 3576 2225 3609 mox
2239 3567 2416 3610 narrat
2430 3596 2446 3624 ,

1431 3654 1486 3688 se
1510 3638 1683 3688 tam-1³
1704 3634 1958 3703 e'nserende'
1972 3655 2124 3690 causa
2151 3637 2254 3690 huc
2278 3655 2443 3707 appu-

1432 3713 1563 3766 lisse.
1601 3711 1826 3768 Ovidius
1860 3715 2051 3783 igitur,
2090 3715 2178 3785 qui
2211 3714 2321 3769 hac
2350 3733 2447 3768 suo

1432 3790 1595 3844 modo
1620 3793 1889 3846 exornavit
1906 3833 1921 3861 ,
1955 3813 2079 3847 eum
2107 3793 2256 3847 linxit
2274 3814 2302 3848 e
2325 3794 2444 3850 sinu

1433 3871 1689 3924 Saronico
1712 3871 1935 3925 solvisse.
1957 3900 2025 3913 —
2056 3875 2248 3935 Tellus,
2284 3874 2442 3927 etiam

1433 3947 1496 4001 de
1529 3948 1694 4001 insula
1716 3948 1906 4002 dicitur
1924 3951 2104 4020 poetis.
2129 3951 2251 4005 vid.
2281 3953 2443 4023 Hey-

1433 4028 1577 4089 nius,
1620 4028 1685 4081 ad
1719 4030 1902 4099 virgil.
1939 4032 2064 4084 AEn.
2102 4033 2215 4094 111,
2254 4034 2350 4099 73,
2391 4030 2444 4079 in

1434 4106 1589 4158 Varr.
1607 4107 1722 4160 lect.
1740 4132 1809 4149 ·—·
1823 4109 2069 4161 Adducor
2082 4113 2247 4161 le'lom.
2265 4104 2444 4158 Nostri

1438 4181 1661 4236 Codices
1691 4183 1877 4249 Regii,
1906 4187 2120 4235 adduco.
2159 4181 2450 4241 Unde,ve-⁹
