2975 4784
650 392 1678 466 METAMORPHOSEON
1734 394 1928 460 LIB.
1988 391 2094 460 ΙΙ.

2301 412 2423 455 201

311 538 548 616 Edidit
576 537 917 625 hinnituS‚
950 554 1019 612 et
1046 536 1321 610 brachia
1362 535 1576 609 movit
1606 535 1679 607 in
1709 532 1968 606 herbas.

310 666 491 738 Tum
524 661 720 756 digiti
753 676 1031 746 coeunt,
1069 676 1137 733 et
1170 658 1413 759 quinos
1450 655 1696 752 adligat
1729 681 1980 749 ungues

2336 670 2437 739 670

314 787 651 886 Perpetuo
690 811 901 856 cornu
933 780 1094 856 levis
1118 779 1368 876 ungula
1396 811 1413 853 ε
1451 778 1688 852 crescit
1721 793 1789 851 et
1823 776 1993 863 oriS‚

315 910 407 982 Et
436 906 592 981 colli
629 905 916 1007 spatium
947 934 962 976 ε
996 903 1207 999 longae
1240 931 1393 1005 pars
1426 901 1708 975 maxima
1738 897 1930 1000 pallae

319 1028 549 1104 Cauda
581 1027 657 1100 fit
690 1057 704 1099 :
734 1044 941 1127 utque
976 1025 1124 1120 vagi
1159 1025 1373 1098 crines
1407 1051 1530 1125 per
1562 1021 1733 1096 eolla
1757 1017 2100 1121 jacebant,

315 1155 394 1226 In
435 1152 695 1226 dextras
727 1149 944 1223 abiere
965 1149 1162 1248 jubas
1190 1178 1206 1222 ε
1234 1148 1612 1250 pariterque
1642 1161 1882 1219 novata
1918 1159 2020 1215 est

320 1276 412 1348 Et
445 1302 608 1360 vox,
638 1290 704 1345 et
736 1271 932 1345 facies
963 1301 979 1343 :
1007 1298 1250 1344 nomen
1279 1297 1548 1371 quoque
1579 1283 1876 1342 monstra
1905 1262 2161 1338 dedere.

2341 1282 2439 1353 675

412 1400 535 1471 Vl.
564 1394 831 1485 Flebat,
874 1424 1197 1496 opemque
1234 1412 1415 1468 tuam
1449 1394 1696 1467 frustra
1729 1389 2102 1491 Philyreius
2135 1387 2364 1472 herm,

321 1613 453 1665 quos
474 1595 656 1664 aliquis
677 1599 882 1648 tim'laaes
903 1593 1025 1663 equi
1051 1612 1224 1647 sonunt
1247 1594 1330 1647 es·-

319 1672 580 1741 fingeret,
615 1672 906 1742 perspicuos
937 1691 950 1724 ι
992 1670 1108 1723 vide
1145 1670 1209 1723 ad
1242 1672 1325 1737 V,

320 1751 442 1823 295.
473 1778 540 1791 -
573 1754 784 1819 Equus.
820 1750 997 1806 Nostri
1027 1749 1250 1805 Codices
1275 1751 1328 1805 A

320 1840 377 1883 et
398 1830 451 1883 Β
467 1868 482 1894 ,
506 1849 652 1898 eque.
678 1829 773 1883 Ed.

385 1910 501 1983 669.
524 1911 750 1964 Brachia
773 1919 885 1964 etc..
909 1910 1089 1963 Prono
1112 1927 1329 1979 corpore

322 1985 476 2056 coepit
498 1987 719 2040 brachiis
741 1986 951 2039 mutatis
984 1984 1242 2039 incedere.
1265 2013 1332 2025 —-

328 2066 526 2126 Conni,
554 2065 849 2119 coalescunt
863 2063 1148 2118 interstitiis
1163 2062 1328 2117 subla-

328 2141 409 2194 tis.
446 2140 529 2193 Sic
554 2140 772 2194 vulnera
810 2140 1058 2208 dicuntur
1093 2143 1247 2206 coire„
1277 2149 1332 2191 et

328 2236 483 2286 aqua,
494 2217 1136 2289 quaeeongelatur.Contra
1152 2218 1198 2282 1,
1218 2218 1329 2285 742:

332 2296 535 2361 Ungula
552 2301 604 2348 in
626 2302 805 2364 quehos
830 2299 1037 2363 dilapsa
1057 2297 1337 2346 absumitur

322 2389 540 2440 unlus-5
557 2373 644 2425 ubi
661 2373 777 2426 vide
792 2382 989 2426 notam.
1000 2399 1065 2410 —
1075 2374 1329 2438 Perpetuo,

323 2463 433 2501 non
458 2449 639 2514 κόπος
665 2449 873 2519 ungula
897 2450 1041 2502 enim
1073 2465 1332 2516 equorum

324 2538 443 2581 sunt
465 2527 655 2580 solidae.
679 2527 857 2580 Etiam
872 2537 1037 2580 vestes
1059 2535 1334 2579 mutantur

324 2622 674 2674 eumcorpore
687 2643 705 2670 ,
725 2605 845 2667 582;
867 2604 918 2671 1,
938 2602 1155 2657 2362aed
1167 2621 1333 2671 quum

324 2703 464 2740 nune
475 2690 629 2752 palla
630 2690 707 2755 fi!
723 2688 890 2738 cauda
906 2725 921 2747 ‚
956 2685 1151 2739 lascivit
1172 2683 1333 2752 inge-

326 2762 473 2815 nium
498 2773 684 2833 poetoe.
722 2790 788 2802 -
813 2764 886 2815 U!
902 2763 1153 2830 jacebant
1164 2781 1184 2829 ,-
1213 2760 1329 2813 vide

331 2839 395 2891 ad
416 2861 532 2908 ²7²·

383 2916 497 2982 573.
549 2920 689 2984 Vagi
726 2923 903 2971 crines.
944 2921 1090 2971 Jubae
1125 2917 1179 2970 in
1222 2936 1333 2970 uno

323 2993 439 3047 colli
457 2994 621 3049 latere
637 2994 933 3065 dependere
949 2995 1132 3049 solent.
1155 2996 1333 3049 Verba

317 3079 607 3143 pariterque
636 3085 765 3137 ete„
805 3076 966 3128 otiosa
1004 3085 1061 3128 et
1091 3074 1334 3145 languida

324 3161 450 3204 sunt
464 3163 579 3221 post
600 3151 1003 3222 descriptionem
1020 3192 1036 3218 ,
1064 3172 1179 3222 quae
1199 3171 1336 3223 prn-

320 3226 740 3285 ‹edin—Nomen
752 3233 940 3292 dedere,
953 3249 1142 3299 nempe
1158 3230 1335 3300 Hippo

327 3316 419 3359 aut
436 3307 615 3378 Hippe
628 3307 767 3362 dieta
780 3319 885 3362 est:
901 3315 1123 3361 monstra
1136 3349 1149 3370 ‚
1176 3320 1336 3362 trans·

322 3385 572 3437 romano
584 3424 602 3451 ,
629 3397 691 3439 ut
711 3385 803 3453 367
821 3424 839 3451 ,
857 3395 947 3439 aut
962 3396 1151 3439 novata
1168 3386 1335 3440 facies.

403 3462 667 3533 576-707.
708 3464 886 3515 Heba!
925 3473 1022 3517 etc.
1060 3465 1338 3517 Mercurius

321 3541 587 3611 Apollinis
598 3542 759 3594 boves
772 3560 934 3611 quum
946 3542 1194 3612 abigeret,
1207 3543 1338 3595 Bat-

316 3627 453 3680 tm,
493 3637 685 3672 senem
718 3629 972 3687 pastorem
991 3660 1007 3686 ,
1037 3638 1195 3689 quem
1231 3621 1337 3672 ob-

318 3695 469 3748 vium
491 3695 723 3749 habebat
740 3734 756 3762 ,
779 3697 988 3765 rogabat
1005 3735 1022 3763 ‚
1043 3698 1246 3750 funum
1267 3716 1336 3750 ne

315 3771 586 3826 indicaret
610 3788 626 3820 ε
654 3771 794 3840 quod
824 3774 938 3840 ille,
973 3774 1212 3829 mercede
1240 3793 1338 3829 ac-

316 3861 473 3919 cepta
490 3888 508 3917 ,
542 3849 786 3919 promisit
818 3850 1029 3918 quidem
1053 3872 1067 3914 ς
1105 3851 1194 3905 sed
1218 3871 1340 3905 mox

315 3926 605 3980 Mercurio
634 3964 653 3991 ‚
703 3926 798 3979 sub
829 3928 992 3981 aliena
1022 3930 1191 3982 forma
1227 3930 1340 3996 ejus

320 4006 577 4061 tentandi
603 4023 759 4058 causa
778 4006 1046 4074 redeunti,
1071 4007 1249 4060 locum
1265 4026 1342 4061 os·

319 4084 497 4137 tendit
517 4123 536 4149 ‚
557 4099 673 4151 quo
692 4081 845 4135 boves
865 4095 1159 4153 pascerent:
1185 4103 1342 4152 quam

322 4161 389 4216 ob
414 4158 709 4231 perfidiam
739 4163 791 4211 ia
814 4178 987 4214 satum
1011 4169 1232 4215 mutatus
1252 4168 1343 4214 est.

1425 1590 1858 1646 Fundamentum
1881 1588 2064 1643 sabula
2087 1588 2142 1641 in
2163 1587 2406 1640 Homero
2419 1623 2436 1652 ,

1425 1669 1611 1742 hymn.
1628 1669 1682 1722 in
1702 1669 2029 1723 Mercurium
2049 1707 2065 1733 ,
2090 1665 2439 1737 copiosissime

1425 1760 1692 1804 tractatur.
1732 1748 1811 1802 lbi
1835 1748 2164 1813 Mercurius,
2204 1764 2271 1799 eo
2291 1745 2402 1815 ipso
2422 1783 2438 1810 ,

1427 1848 1534 1897 quo
1549 1840 1700 1881 natus
1715 1838 1826 1881 erat
1839 1868 1851 1890 ,
1881 1827 1964 1880 die
1980 1865 1996 1893 ,
2023 1846 2084 1879 ex
2097 1825 2265 1878 bubus
2290 1824 2440 1876 Deo-

1426 1928 1547 1961 rum
1568 1949 1582 1976 ,
1608 1927 1736 1978 quas
1758 1907 1947 1978 Apollo
1964 1907 2021 1959 in
2048 1906 2234 1960 Pieriae
2257 1914 2440 1957 monte

1425 1990 1662 2059 pascebat
1681 2029 1696 2055 ‚
1718 1986 2097 2056 quinquaginta
2118 2002 2326 2039 summa
2345 1982 2442 2035 cal·

1426 2066 1624 2122 liditate
1646 2086 1742 2135 per
1771 2065 2028 2118 Boeotiam
2061 2063 2231 2132 abegit
2255 2060 2320 2113 ad
2344 2059 2443 2113 Al-

1429 2145 1627 2214 pheum
1642 2145 1698 2197 in
1723 2145 2091 2213 Peloponneso
2107 2183 2120 2202 ,
2153 2151 2306 2210 atque
2328 2157 2443 2209 pro·

1429 2243 1495 2292 pe
1521 2224 1713 2295 Pylum
1732 2224 1788 2276 in
1811 2234 1965 2276 antro
1985 2221 2214 2291 quodam
2233 2221 2441 2273 abscon·

1430 2300 1578 2354 didit.
1615 2303 1679 2355 ln
1703 2300 1891 2354 itinere
1918 2318 2080 2369 prope
2110 2298 2442 2353 Onchestum

1428 2397 1615 2432 senem
1638 2376 1917 2431 vinitorem
1937 2388 2087 2447 rogat
2107 2416 2121 2443 ,
2146 2395 2217 2429 ne
2243 2377 2442 2428 furtum

1429 2457 1644 2527 prodat;
1677 2475 1864 2510 verum
1892 2456 1976 2509 ille
2019 2453 2251 2523 Apollini
2287 2454 2444 2506 boves

1430 2535 1687 2606 querenti
1702 2574 1717 2599 ,
1733 2535 1858 2604 quid
1879 2533 2065 2587 viderit
2077 2573 2093 2600 ,
2112 2530 2323 2585 indicat.
2338 2529 2446 2584 Sed

1428 2614 1674 2668 eamdem
1688 2612 1843 2667 fabul.
1857 2613 2016 2666 etiam
2035 2608 2300 2664 Hesiodus
2316 2647 2332 2674 ,
2357 2608 2448 2662 Ni·

1429 2691 1627 2746 eander
1641 2732 1657 2758 ,
1679 2689 2067 2763 Didymarchus
2079 2728 2095 2755 ,
2116 2687 2415 2757 Antigonus
2428 2725 2444 2751 ,

1430 2768 1743 2838 Apollonius
1782 2765 2021 2821 Rhodius
2066 2772 2442 2826 narraverant3

1430 2845 1573 2899 unde
1597 2864 1715 2899 eam
1731 2843 2068 2907 Antoninus,
2094 2840 2208 2894 Lib.
2225 2840 2445 2892 Metam.

1431 2925 1495 2977 23
1511 2963 1527 2989 ,
1554 2924 1762 2993 repetiit
1786 2942 1800 2975 z
1828 2938 1945 2991 qun
1978 2920 2112 2973 ratio
2133 2917 2289 2989 paulo
2312 2935 2445 2986 pro-

1429 3001 1548 3070 pius
1585 3001 1649 3054 ad
1679 2999 1999 3055 Ovidianam
2042 2996 2254 3050 accedit.
2297 2995 2360 3049 In
2384 3013 2446 3048 ea

1430 3079 1660 3132 occurrit
1685 3079 1873 3131 Battus
1890 3117 1905 3143 ,
1938 3075 2057 3144 qui,
2083 3072 2325 3128 mercede
2349 3091 2446 3125 ae-

1433 3166 1611 3227 eepta,
1634 3156 1901 3210 silentium
1914 3152 2166 3223 spondet,
2183 3163 2237 3206 et
2258 3171 2286 3204 a
2307 3152 2448 3205 Mer·

1429 3234 1579 3288 curio
1600 3232 1857 3286 redeunte
1874 3271 1889 3297 ‚
1911 3249 2078 3299 quum
2092 3229 2266 3283 datam
2283 3228 2446 3282 fidem

1429 3311 1633 3365 saliet-et
1651 3348 1667 3375 ‚
1693 3310 1750 3362 in
1775 3327 1954 3363 saxum
1979 3318 2238 3370 mutatur-3
2267 3325 2447 3376 quan-

1432 3407 1593 3459 quam
1616 3388 1672 3440 in
1698 3386 1807 3440 aliis
1830 3384 2137 3454 quibusdam
2164 3385 2320 3438 rebus
2336 3422 2352 3449 ‚
2390 3394 2449 3436 ut

1430 3467 1538 3520 suis
1573 3464 1699 3518 locis
1730 3463 2054 3529 videbimus,
2096 3460 2349 3516 dissentit.
2385 3488 2449 3502 —

1430 3546 1720 3615 Pha-yreia:
1739 3560 1769 3593 a
1791 3539 2006 3612 Philyra
2021 3550 2208 3605 matre,
2225 3555 2449 3609 quacum

1433 3623 1697 3676 Saturnus
1713 3659 1729 3686 ,
1752 3630 1926 3673 sumta
1948 3619 2140 3687 equina
2165 3620 2336 3672 sonna
2351 3656 2366 3682 ‚
2392 3618 2449 3671 in

1431 3699 1585 3753 Pelio
1616 3708 1800 3751 monte
1840 3715 2145 3766 congressus
2180 3695 2451 3749 habuerat.

1434 3778 1683 3848 Apollon-
1715 3777 1805 3843 11,
1843 3776 2002 3838 1235;
2033 3775 2216 3846 Virgil.
2257 3775 2457 3847 Georg.

1436 3856 1521 3910 111
1539 3895 1554 3921 ,
1591 3857 1779 3927 92-94.
1818 3852 1910 3906 Sic
1934 3852 2139 3906 Chiron
2174 3864 2287 3908 erat
2314 3857 2460 3906 heros

1430 3949 1592 3984 sensu
1604 3931 1851 3998 antiqu03
1872 3935 2009 4005 ἥρωα
2025 3930 2168 3983 enim
2186 3931 2312 3982 olim
2333 3928 2460 3982 dicti

1433 4019 1560 4062 sunt
1582 4047 1600 4074 ,
1643 4008 1734 4077 qui
1770 4027 1797 4060 a
1841 4005 1961 4059 Deo
1998 4005 2178 4066 Deave
2216 4006 2462 4075 prognati

1436 4096 1606 4138 erant.
1621 4083 1767 4136 Male
1790 4083 1952 4151 igitur
1973 4081 2112 4134 Rod.
2131 4082 2288 4134 vertit
2303 4081 2465 4149 Hem

1436 4173 1493 4216 et
1515 4160 1733 4216 samius
1753 4196 1768 4226 ,
1790 4159 2211 4226 grossmlhieer
2228 4157 2379 4209 Soka.
