2975 4784
629 388 1685 462 METAMORPHOSEON
1738 396 1938 464 LIB.
1995 398 2176 474 VII.

2346 401 2469 469 531

358 527 554 600 Ferre
586 553 785 599 manu
806 524 1094 624 jaculum
1118 584 1136 617 ‚
1174 528 1363 629 cujus
1394 530 1522 607 fuit
1552 562 1745 608 aurea
1773 536 2017 636 cuspis.

363 641 579 716 Pauca
608 640 796 742 prius
824 640 1060 715 mediis
1093 646 1514 721 sermonibus
1545 645 1656 721 ille
1692 646 2050 749 loquutus;

370 791 404 823 α
448 757 611 831 Sum
635 784 988 847 *nemorum
1022 758 1362 836 studiosus
1384 818 1402 850 ‚
1440 763 1570 850 ait,
1608 762 1933 865 caedisque
1959 765 2222 842 ferinae:

2382 793 2483 864 67⁵

372 907 407 940 »
450 874 606 970 Qua
640 891 857 946 tamen
888 902 924 946 e
958 872 1121 947 silva
1154 892 1374 952 teneas
1404 876 1641 952 hastile
1672 880 1950 954 recisum
1972 937 1992 969 ,

372 1023 410 1057 »
446 988 852 1063 Jamdudum
885 988 1125 1063 dubito
1153 1020 1168 1063 :
1198 1009 1372 1067 certe
1393 1047 1413 1081 ,
1451 992 1509 1067 si
1537 993 1831 1069 fraxinus
1863 1014 2076 1083 esset,

374 1138 409 1170 »
446 1103 651 1178 Fulva
687 1102 911 1179 colore
945 1104 1120 1181 foret
1147 1136 1164 1179 ε
1194 1107 1253 1179 si
1286 1135 1531 1181 cornus
1551 1164 1572 1196 ,
1606 1108 1828 1182 nodus
1862 1108 2150 1186 inesset:

374 1252 410 1285 n
449 1219 645 1293 Unde
679 1219 766 1294 sit
794 1220 1030 1316 ignom
1060 1250 1076 1309 ;
1113 1222 1230 1295 sed
1267 1250 1405 1295 non
1431 1223 1794 1299 formosius
1824 1225 1958 1300 isto

373 1369 409 1401 n
447 1334 776 1411 Viderunt
809 1334 985 1410 oculi
1022 1333 1225 1411 telum
1253 1337 1604 1436 jaculabile
1627 1340 1862 1414 nostri.
1902 1375 1938 1407 >›

366 1450 637 1551 Excipit
667 1450 910 1525 Actaeis
944 1479 979 1526 e
1013 1451 1332 1526 fratribus
1366 1451 1532 1526 alter
1564 1482 1581 1526 ε
1610 1470 1714 1541 et,
1760 1487 1793 1519 «
1834 1482 2029 1529 usum

375 1599 412 1632 ι)
447 1567 770 1666 Maiorem
804 1566 1021 1667 specie
1045 1566 1369 1642 mirabere
1390 1622 1410 1656 ,
1440 1567 1609 1673 dirit
1628 1623 1649 1655 ,
1683 1567 1753 1640 in
1785 1569 1936 1642 isto.

376 1725 413 1759 »
457 1690 939 1792 Consequitur,
971 1690 1435 1791 quodcumque
1468 1691 1675 1792 petit;
1711 1694 2138 1796 Fortunaque
2170 1695 2441 1771 missum

379 1847 416 1880 »
454 1815 610 1887 Non
643 1812 853 1907 regit;
890 1828 957 1885 et
986 1810 1276 1900 revolat,
1311 1810 1503 1886 nullo
1534 1812 1889 1903 referente,
1926 1833 2289 1894 cruentum.
2328 1851 2365 1885 »

373 1940 548 2013 Tum
577 1965 732 2012 vero
759 1936 1018 2035 juvenis
1047 1935 1325 2037 Nereius
1360 1936 1583 2010 omnia
1617 1938 1895 2039 quaerit:

2392 1966 2496 2021 685

380 2064 519 2137 Cur
550 2063 640 2136 sit
673 2078 739 2135 et
770 2059 945 2133 unde
977 2059 1245 2147 datum;
1285 2059 1435 2161 quis
1471 2062 1638 2134 tanti
1671 2063 1962 2136 muneris
1996 2068 2284 2141 auctor?

380 2184 551 2280 Quae
579 2181 784 2284 petit,
817 2179 930 2255 ille
959 2180 1195 2267 refert3
1225 2180 1343 2254 sed
1374 2209 1521 2281 quae
1551 2210 1816 2257 narrare
1851 2184 2093 2284 pudori
2129 2204 2262 2276 est,

378 2307 531 2403 Qua
567 2303 792 2377 tulerit
823 2302 1156 2393 mercede,
1190 2301 1383 2393 silet;
1419 2298 1767 2404 tactusque
1803 2301 2035 2379 dolore

374 2517 469 2587 giis
485 2555 502 2584 ,
529 2520 717 2583 ι’ῃιοίσ.
745 2540 812 2553 -
843 2513 1115 2579 Inculta,
1145 2512 1384 2568 videmus

375 2595 499 2649 hinc
518 2591 684 2663 iacula
706 2610 815 2644 esse
837 2600 1032 2660 gestata
1050 2590 1209 2643 etiam
1234 2592 1299 2645 ab
1323 2592 1385 2645 iis

377 2671 468 2741 qui
487 2687 670 2741 regem
691 2667 912 2721 adirent.
935 2693 1004 2706 —
1033 2668 1209 2721 Ama
1228 2708 1241 2731 ,
1278 2687 1383 2721 au-

375 2759 486 2803 rata
504 2788 520 2816 ,
544 2766 674 2801 auro
694 2755 912 2809 ornatu
940 2764 1065 2801 nam
1086 2764 1246 2800 aurea
1265 2765 1387 2800 cus-

376 2830 456 2898 pis
469 2848 579 2882 non
606 2827 844 2881 valuisset
867 2827 923 2879 in
948 2827 1082 2880 feras
1101 2866 1117 2893 ,
1141 2837 1202 2879 ut
1223 2827 1385 2880 etiam

379 2906 721 2959 Burmannus
745 2914 954 2970 monet,
980 2904 1068 2973 qui
1092 2904 1270 2960 mallet
1292 2903 1393 2959 hoc

379 2986 497 3040 loco
513 3001 666 3035 enea.
679 3009 748 3022 —
762 2984 929 3034 llede'i
941 3001 1211 3045 semones,
1247 3003 1276 3037 a
1301 3003 1391 3038 re-

381 3062 478 3116 bus
491 3061 548 3112 iu
566 3056 743 3111 medio
757 3057 935 3126 positis
951 3095 966 3123 ,
981 3057 1278 3128 vulgaribus
1294 3079 1394 3130 pe-

383 3139 480 3194 titi.
504 3164 573 3179 —
592 3139 692 3189 Ille
724 3138 970 3203 loquutus.
997 3135 1158 3191 Multi
1182 3175 1197 3202 ,
1238 3145 1391 3205 ante,-

383 3216 636 3272 Heinsius
666 3222 815 3283 putat
842 3214 964 3265 inde
987 3229 1007 3273 ,·
1052 3211 1236 3267 Codex
1270 3215 1392 3269 Re-

385 3298 498 3368 gius
521 3295 568 3349 A
587 3334 603 3362 ,
627 3295 747 3359 e’lle,·
773 3289 957 3345 Codex
970 3290 1020 3344 B
1038 3331 1053 3355 ,
1068 3296 1265 3358 ipsa—-
1278 3295 1394 3360 Qua

383 3383 550 3427 lanea
577 3391 609 3424 e
627 3373 757 3423 silva
777 3386 796 3435 ,⁸
842 3388 870 3422 e
896 3387 1003 3438 quo
1023 3367 1182 3438 ligno.
1205 3370 1306 3420 Ed.
1326 3395 1394 3412 ο·-

383 3453 577 3505 Nodus.
586 3447 816 3512 Plinius,
836 3447 975 3500 Hist.
990 3447 1108 3501 Nat.
1122 3445 1256 3499 XVI
1271 3484 1287 3513 ,
1305 3446 1390 3518 39,

380 3528 541 3583 Fulm
561 3540 742 3580 coms
762 3527 817 3575 1⁶ae
838 3525 1101 3577 venabulis
1120 3528 1248 3576 nitet
1260 3562 1273 3581 ‚
1298 3525 1393 3575 1⁸ae-

381 3608 565 3657 cisuris
605 3603 797 3654 nodata
821 3607 1025 3668 propter
1052 3603 1290 3653 decorem.
1327 3624 1396 3638 —

390 3682 864 3749 Tela-jaculabile,
885 3678 1130 3747 iaculum.
1139 3678 1260 3732 Hoc
1270 3696 1395 3747 quo·

384 3778 487 3827 que
502 3756 814 3812 vocabulum
827 3756 1086 3827 originem
1097 3754 1294 3810 ovidio
1309 3754 1395 3809 de·

382 3835 761 3902 bei-evidetur,
785 3845 844 3887 ut
865 3837 1172 3898 daebc’labile,
1201 3833 1227 3887 1
1242 3874 1257 3902 ,
1281 3835 1393 3889 223.

386 3916 472 3971 Ab
490 3914 733 3985 Apollod.
747 3917 948 3970 ἰαόνι-ιον
964 3919 1397 3970 ἰθυθὸλοννοωωα

448 3992 564 4045 682,
606 3992 765 4046 Usum
800 3999 856 4047 ἐπ
891 3997 1021 4054 ιῖεὶσ,
1072 4010 1226 4045 usum
1266 3992 1395 4060 ejus.

388 4066 527 4123 Vide
550 4069 617 4123 ad
651 4070 735 4135 X,
763 4069 879 4124 651.
917 4068 1142 4122 Mariam.
1183 4067 1396 4122 Aecum.

388 4157 536 4215 putat
554 4186 571 4216 ,
603 4145 710 4202 hoe
726 4145 957 4217 jaculum
977 4147 1132 4202 fuisse
1155 4165 1218 4201 ex
1236 4146 1398 4215 aqui·-

1477 2514 1602 2569 folia
1620 2553 1636 2581 ,
1674 2514 1740 2568 de
1773 2533 1876 2584 qua
1900 2513 2133 2580 Plinius,
2162 2514 2368 2581 XXIV,
2403 2515 2498 2568 13:

1479 2594 1728 2647 Batulum
1753 2593 1897 2661 (ipse
1914 2593 2053 2661 conj.
2064 2592 2337 2660 jaculum)
2356 2612 2423 2646 et
2435 2613 2498 2646 ea

1464 2670 1672 2738 sactum
1683 2710 1698 2731 ,
1723 2675 1779 2723 in
1799 2673 2007 2739 quodvis
2017 2673 2220 2731 aalma
2225 2676 2460 2723 emessam
2474 2711 2488 2729 .

1479 2752 1688 2802 etiamsi
1717 2752 1849 2800 cim
1876 2749 2115 2800 ceciderit
2137 2747 2337 2814 defectu
2369 2754 2500 2802 nil-

1481 2830 1660 2889 tentes,
1690 2830 1854 2893 Ipsum
1875 2844 1972 2893 per
2001 2843 2115 2878 sese
2141 2829 2364 2878 recubitu
2378 2844 2502 2892 pm·

1477 2909 1601 2972 pius
1634 2905 1819 2957 adlabi
1828 2919 1848 2969 ,⁸
1878 2909 1982 2955 lan
2010 2907 2317 2969 precipuum
2352 2910 2505 2957 nalu-

1484 3000 1594 3034 rem
1607 2986 1775 3036 :hesse
1783 2985 1966 3034 arbon*-
1992 2980 2113 3034 Hoc
2133 2978 2399 3035 Procridis
2422 2981 2503 3049 ja-

1485 3059 1665 3113 culum
1682 3060 1952 3136 (nphpee'oe
1968 3059 2175 3124 inim«)
2194 3060 2247 3111 in
2261 3059 2503 3128 proverb.

1486 3138 1643 3204 abiit,
1670 3137 1964 3207 diciturque
1989 3136 2054 3191 de
2078 3138 2139 3191 iis
2158 3177 2173 3202 ,
2196 3138 2319 3206 qui,
2346 3136 2503 3207 quid-

1486 3213 1617 3284 quid
1635 3214 1731 3268 sibi
1753 3224 2060 3284 proponunt
2088 3253 2103 3280 ,
2139 3223 2503 3283 assequuntur.

1552 3292 1667 3353 685,
1684 3293 1913 3351 Nereius,
1935 3291 2143 3345 Phocus
2157 3331 2172 3357 ,
2199 3310 2360 3361 quem
2377 3292 2504 3345 AEa·

1487 3385 1580 3421 cus
1590 3385 1653 3421 ex
1670 3367 2002 3421 Psammathe
2018 3407 2034 3434 ,
2049 3369 2209 3422 Nerei
2227 3368 2331 3421 filis
2344 3408 2359 3436 ,
2377 3386 2503 3421 sus-

1488 3454 1738 3513 ceperat:
1766 3444 2075 3514 Apollonius
2116 3444 2291 3499 Rhod.
2324 3446 2385 3512 Ι,
2421 3446 2503 3518 93.

1487 3548 1557 3562 —
1576 3524 1693 3589 Qua
1712 3525 1933 3576 mercede
1945 3563 1959 3583 .
1982 3525 2133 3593 cujus
2145 3522 2505 3578 meu-cedmo-

1488 3620 1568 3656 co.
1594 3602 1880 3655 Boset-unt
1902 3601 1986 3656 hic
2009 3603 2321 3673 interpretes
2338 3643 2353 3670 ,
2384 3601 2506 3672 quia

1495 3677 1758 3749 Cephalus
1781 3679 1881 3734 hoc
1911 3699 2119 3750 quoque
2144 3682 2198 3733 in
2223 3680 2508 3750 sequenti-

1489 3756 1588 3809 bus
1614 3773 1829 3809 narrare
1867 3757 1928 3811 iis
1960 3756 2250 3811 videbatur.
2296 3760 2506 3811 Verum

1489 3833 1576 3887 ille
1599 3853 1729 3888 vers.
1763 3837 1852 3903 751
1880 3854 1955 3904 sq.
1988 3836 2151 3889 refert
2175 3834 2391 3904 quidem
2415 3874 2431 3902 ,
2476 3853 2507 3889 a

1494 3911 1745 3965 Procride
1768 3911 1869 3965 hoc
1888 3913 2121 3981 jaculum
2147 3913 2242 3966 sibi
2276 3912 2460 3967 datum
2488 3952 2505 3980 ,

1490 3987 1582 4043 sed
1612 4008 1712 4058 qua
1749 3993 1968 4044 mercede
2005 3990 2121 4045 silet
2147 4031 2162 4059 ,
2211 4000 2310 4045 aut·
2338 3991 2511 4061 potius

1493 4068 1710 4122 obscure
1748 4068 1916 4139 tangit
1947 4070 2117 4123 verbis
2162 4074 2333 4123 Iesum
2362 4074 2509 4138 prius

1491 4151 1604 4202 nlla
1614 4151 1870 4218 pudorem.
1908 4146 2013 4203 sed
2047 4149 2300 4219 queritur
2319 4186 2334 4217 ,
2362 4165 2512 4217 quo-
