2975 4784
857 433 1920 506 METAMORPHOSEON.
2361 433 2442 518 41

316 581 479 655 ciam
526 575 869 680 profectus
932 577 1255 652 Helenam
1306 576 1551 677 rapuit.
1608 578 1970 678 Raptorem
2028 575 2239 651 secuti
2293 591 2454 648 sunt

323 695 568 781 Graeci,
604 712 964 794 postquam
995 693 1274 781 Aulide,
1309 706 1580 793 serpente
1613 692 1900 792 quodam
1921 692 1994 766 in
2016 690 2280 793 lapidem
2306 720 2454 764 mu-

321 827 492 895 tato,
529 809 814 882 Dianam
841 805 1099 908 placare
1135 807 1483 882 voluerant
1515 806 1846 910 Iphigenia
1872 807 2125 897 oblata,
2162 807 2267 882 cui
2301 835 2455 880 voro

320 941 586 998 mutata!
606 924 751 996 Dea
777 921 1131 996 substituit
1160 952 1434 997 cervam.
1470 925 1750 1023 Trojani
1776 954 1982 1025 quum
2005 925 2178 1000 sama
2209 924 2449 998 adven·

326 1057 470 1113 tum
494 1038 878 1112 Graecorum
901 1040 1393 1133 cognovissent,
1417 1041 1651 1115 armati
1665 1070 1783 1116 eos
1804 1060 2205 1144 exspectant.
2224 1043 2458 1115 Primo

328 1154 551 1228 statim
588 1180 953 1248 congressu
998 1151 1241 1261 Cycnus
1264 1213 1284 1239 ‚
1338 1154 1423 1228 ab
1460 1154 1723 1231 Achille
1775 1186 1982 1258 super
2025 1155 2312 1258 lapidem
2341 1185 2464 1231 ne·-

330 1290 514 1347 catus
531 1327 552 1360 ‚
589 1271 1004 1345 convertitur
1061 1299 1100 1344 a
1152 1272 1471 1372 Neptuno
1535 1272 1608 1344 in
1653 1300 1822 1348 avem
1870 1273 1977 1347 sui
2020 1272 2335 1346 nominis.
2401 1273 2468 1346 Is

332 1405 548 1462 autem
566 1443 587 1476 ‚
619 1386 738 1487 qui
757 1385 893 1460 telo
917 1384 1107 1461 nullo
1129 1386 1361 1461 violari
1382 1404 1697 1490 potuerat
1711 1444 1731 1476 ‚
1768 1389 1842 1461 in
1865 1389 2169 1462 convivio
2191 1389 2470 1463 heroum

332 1503 605 1577 Nestori
637 1503 710 1576 in
755 1503 1145 1578 memoriam
1188 1504 1543 1579 revocabat
1577 1522 1712 1579 tam
1750 1503 1983 1579 Coenea
2003 1565 2023 1592 ‚
2082 1505 2474 1581 invulnera-

333 1617 542 1693 bilem
576 1637 643 1693 et
677 1619 931 1720 ipsum,
967 1636 1166 1720 atque
1191 1620 1480 1722 primum
1510 1649 1547 1694 e
1574 1620 1818 1695 femina
1842 1622 1914 1694 in
1936 1649 2162 1695 marem
2181 1680 2200 1707 ‚
2237 1621 2474 1697 deinde

336 1734 412 1807 in
444 1732 680 1834 pra-‚lio
696 1791 716 1822 ,
755 1764 959 1835 quum
982 1735 1299 1810 arborum
1337 1735 1514 1810 mole
1548 1737 1970 1825 obrueretur,
2005 1738 2076 1812 in
2110 1766 2278 1813 avem
2309 1766 2474 1811 con-

339 1879 600 1926 versum
618 1908 638 1939 ,
673 1880 872 1952 quam
921 1851 1197 1925 omnino
1254 1879 1550 1953 pugnam
1601 1852 2042 1959 Centaurorum
2078 1882 2229 1927 cum
2262 1853 2475 1954 Lapi-

343 1967 491 2054 this,
531 1997 821 2069 quorum
847 1996 1005 2068 pars
1032 1969 1310 2042 Caeneus
1344 1967 1579 2043 fuerat.
1621 1970 1748 2042 His
1783 1969 2222 2071 appendicula
2255 1970 2482 2045 addita

350 2084 425 2159 de
474 2084 899 2192 Periclymene
942 2085 1016 2157 in
1070 2085 1337 2185 aquilam
1380 2086 1869 2160 transformato.
1914 2088 2273 2188 Neptunus
2321 2114 2478 2161 vero

350 2202 555 2303 Cycni
584 2220 866 2276 mortem
901 2200 1137 2275 dolens
1171 2201 1468 2275 exoravit
1501 2201 1890 2303 Apollinem
1915 2259 1935 2290 ,
1972 2221 2052 2276 ut
2081 2202 2344 2278 Paridis
2375 2230 2476 2276 sa-

358 2317 590 2414 gittam
625 2317 695 2389 in
728 2315 1046 2393 Achillem
1082 2316 1406 2404 flecteret,
1448 2345 1580 2417 qua
1614 2316 1723 2390 ille
1756 2317 1974 2418 periit.

443 2495 598 2567 LIB.
654 2495 845 2567 XIII.
908 2493 1013 2565 De
1042 2490 1328 2567 Achillis
1359 2493 1558 2568 armis
1591 2494 1785 2595 Ajaa·
1809 2511 1876 2567 et
1897 2493 2175 2601 ,Ulysses
2207 2512 2487 2568 conten-

353 2607 565 2683 dunt:
603 2638 678 2683 ac
716 2606 900 2683 illius
930 2607 1257 2709 quidem..
1282 2637 1405 2683 sua
1455 2608 1669 2710 ipsius
1702 2637 1905 2682 manu
1936 2609 2294 2695 interfecti,
2332 2638 2485 2684 san-

350 2726 496 2821 guis
528 2726 605 2798 in
633 2721 1023 2830 lyncinthmn
1054 2724 1356 2799 vertitur.
1427 2724 1639 2826 Capta
1669 2724 1805 2823 jam
1837 2724 2044 2824 Troja
2062 2779 2081 2813 ,
2121 2723 2386 2799 Hecuba
2416 2726 2486 2799 in

351 2842 673 2928 Thracia,
706 2840 830 2914 ubi
855 2839 1431 2941 Polymnestorem
1458 2841 1807 2917 excaecavit
1828 2896 1847 2927 ‚
1874 2839 1955 2914 fit
1986 2839 2172 2914 canit.
2202 2840 2368 2939 Ejus
2390 2841 2493 2914 in·-

358 2957 731 3032 fortunium
755 2946 963 3057 quum
988 2955 1104 3028 Dii
1130 2984 1360 3030 omnes
1381 2955 1807 3056 deplorarent
1821 3012 1840 3043 ‚
1870 2958 2131 3030 Aurora
2155 2954 2286 3030 alio
2305 2954 2491 3032 luctu

363 3073 746 3160 tenebatur,
780 3070 1132 3146 Memnonis
1165 3071 1421 3147 scilicet
1448 3072 1602 3160 filii,
1641 3073 1831 3172 cujus
1864 3100 1899 3146 e
1928 3073 2260 3149 cineribus
2284 3070 2497 3149 Mem·

364 3188 609 3262 nunides
624 3216 777 3262 aves
796 3186 1212 3290 prodierunt.
1243 3188 1511 3263 AEneas
1522 3218 1730 3290 porro
1761 3187 2090 3290 profugus
2107 3189 2190 3263 ad
2213 3190 2492 3279 Anium,

368 3304 739 3404 cujusfilioe
764 3305 836 3378 in
871 3305 1179 3379 columbas
1204 3323 1392 3380 erant
1430 3333 1793 3392 conversa,
1829 3323 1990 3406 post
2027 3305 2153 3380 alia
2190 3306 2499 3406 deinceps

362 3418 511 3494 loca
537 3420 1236 3496 transformationibus
1263 3421 1469 3509 clara,
1503 3423 1575 3495 in
1600 3420 1894 3496 Siciliam
1922 3420 2178 3498 delatus
2199 3440 2303 3497 est
2320 3478 2340 3510 ‚
2377 3422 2501 3494 ubi

364 3536 608 3644 89414,
652 3539 760 3613 cui
815 3538 1084 3614 Galatea
1133 3556 1358 3613 narrat
1411 3536 1792 3644 Polyphemi
1840 3566 2092 3615 amores
2147 3540 2226 3614 A
2227 3537 2506 3638 ct’dtkque

371 3653 664 3743 obitum;
697 3683 832 3756 quo
863 3654 1039 3729 sacto
1059 3710 1079 3744 ‚
1124 3655 1433 3742 Glaucus,
1469 3654 1542 3727 in
1583 3655 1796 3729 Deum
1831 3656 2129 3728 marinum
2160 3672 2455 3730 mutatus
2480 3711 2503 3743 ‚

374 3787 665 3868 apparet.

471 3935 627 4008 Lm.
675 3936 862 4009 XIV.
917 3935 1191 4043 Scyllam
1246 3935 1434 4011 Circe
1477 3955 1693 4013 mutat
1738 3939 1810 4012 in
1855 3952 2204 4013 monstrum.
2266 3938 2509 4010 AEneas

375 4067 596 4125 autem
627 4051 701 4125 in
742 4051 1037 4127 Africam
1079 4051 1293 4140 venit,
1327 4052 1448 4126 ubi
1481 4083 1634 4130 eum
1669 4054 1851 4130 Dido
1887 4054 2155 4155 excipit.
2213 4048 2510 4125 Tandem

376 4183 485 4257 ut,
519 4166 914 4243 Pithecusas
964 4184 1427 4271 praetervectus
1453 4225 1472 4259 ‚
1508 4170 1634 4243 ubi
1672 4168 1969 4269 Cer-copes
2010 4197 2091 4242 ex
2123 4164 2512 4240 hominibus
