2975 4784
475 334 565 403 36
1351 328 1713 406 SERIES

467 493 868 565 temnentes,
906 476 1072 578 ipsis
1121 475 1360 551 diebus
1411 476 1600 552 festis
1649 477 1939 553 lanificio
1998 507 2268 580 operam
2311 479 2600 572 dabant,
2707 532 2714 537 -

469 627 771 701 opusque
790 597 1096 673 levabant
1120 597 1383 674 fabellis
1403 600 1820 689 enarrandis,
1846 601 1925 675 de
1951 601 2226 709 Ifyrnmo
2241 622 2308 677 et
2331 604 2594 692 Thisbe,

470 749 756 822 quorum
806 721 1129 819 sanguine
1185 723 1369 795 moris
1417 723 1590 823 niger
1640 721 1827 796 color
1872 723 2139 798 additus
2161 781 2181 811 ,
2238 725 2317 799 de
2352 724 2502 800 Sole
2529 729 2604 801 in

464 842 861 949 Eurynomen
895 871 1086 918 verso
1105 898 1125 932 ,
1163 860 1242 916 ut
1271 871 1422 918 cum
1454 843 1833 919 Leucothee
1868 846 2370 937 concumberet,
2404 878 2604 950 quam

468 965 559 1039 ob
595 995 732 1040 rem
769 966 970 1072 Cgrtie
996 965 1299 1067 zelotypa
1332 965 1405 1038 in
1439 964 1855 1069 heliotropium
1876 986 2128 1044 mutata
2146 1025 2165 1058 ,
2196 969 2482 1072 denique
2520 972 2601 1046 de

471 1088 993 1190 Hennaphmdito
1020 1104 1088 1162 et
1121 1088 1471 1163 Salmacide
1494 1090 1566 1163 in
1598 1120 1782 1181 unum
1809 1086 2025 1192 corpus
2056 1095 2401 1169 concretis.
2439 1097 2601 1193 Quo

466 1212 644 1287 facto
673 1239 936 1286 sorores
964 1212 1124 1313 ipsae
1158 1211 1229 1284 in
1264 1212 1745 1313 vespem'ltbneS,
1779 1242 2133 1316 earumque
2158 1215 2303 1291 telae
2322 1216 2394 1290 in
2417 1219 2604 1291 vilem

477 1333 954 1410 transformatae
990 1350 1168 1408 sunt.
1202 1335 1346 1409 Hac
1375 1334 1455 1408 de
1483 1362 1552 1408 re
1581 1363 1788 1435 quum
1822 1335 1950 1410 Ino
1981 1336 2345 1428 laetaretur,
2379 1341 2599 1430 Juno,

470 1476 538 1532 et
557 1457 861 1532 invidens
888 1474 955 1531 et
982 1456 1370 1553 indignans,
1406 1456 1675 1531 Furiam
1699 1457 1760 1532 ei
1786 1458 2064 1534 immisit
2085 1515 2104 1548 ,
2138 1460 2327 1560 cujus
2352 1490 2602 1536 veneno

471 1582 546 1655 in
579 1581 904 1656 insaniam
937 1608 1122 1654 versa
1159 1608 1311 1653 cum
1344 1579 1673 1653 Melicerta
1713 1578 1855 1654 filio
1909 1581 1981 1654 in
2029 1610 2206 1656 mare
2249 1583 2602 1685 prosiluit;

469 1704 584 1779 sed
604 1760 623 1793 ,
645 1705 905 1778 Venere
927 1702 1372 1776 intercedente
1386 1757 1404 1790 ‚
1430 1702 1631 1775 ambo
1649 1701 1809 1776 facti
1826 1721 1985 1776 sunt
2005 1703 2377 1778 Die‘man'ne'.
2409 1706 2602 1804 Quos

466 1825 627 1898 dum
653 1826 892 1898 comites
917 1823 1200 1898 Sidwioe
1221 1852 1347 1925 pro
1371 1824 1657 1898 mortuis
1688 1806 2038 1926 deplorant
2053 1881 2072 1914 ,
2103 1826 2176 1899 in
2201 1856 2363 1902 saxa
2390 1846 2458 1902 et
2483 1857 2603 1902 vo-

465 1948 664 2021 lucres
676 1963 1039 2022 mutantur.
1070 1945 1347 2020 Cadmus
1365 1974 1656 2047 quoque,
1676 1946 1798 2022 hac
1815 1946 2182 2025 calamitate
2206 1967 2597 2037 commotuS,

467 2071 716 2147 relictis
747 2070 1004 2146 Thebis
1027 2126 1048 2157 ,
1085 2069 1156 2144 in
1188 2068 1483 2171 Illyriam
1514 2100 1667 2145 cum
1701 2100 1908 2147 uxore
1941 2072 2277 2174 profectus
2311 2092 2441 2163 est,
2479 2074 2603 2149 ubi

465 2214 746 2296 uterque
779 2193 1422 2294 nngm‘nemnfhnnam
1454 2194 1729 2296 accepit.
1767 2194 1972 2270 Solus
2004 2224 2164 2296 ergo
2200 2197 2494 2273 restabat
2519 2198 2601 2273 de

465 2319 713 2394 Bacchi
735 2316 1268 2392 contemtoribus
1297 2317 1588 2392 Acnsius
1608 2376 1628 2403 ,
1669 2346 1829 2393 avus
1854 2317 2109 2405 Persei,
2149 2320 2266 2420 qui
2302 2320 2603 2421 Gorgonis

472 2460 674 2545 caput
718 2439 1124 2543 amputavit,
1181 2467 1215 2512 e
1255 2439 1443 2538 cujus
1481 2438 1833 2535 sanguine,
1887 2439 2198 2536 guttatim
2244 2440 2314 2512 in
2359 2456 2601 2516 terram

474 2565 743 2666 delapso
768 2619 787 2652 ,
848 2590 1075 2663 angues
1114 2561 1331 2635 exorti
1377 2578 1584 2649 sunt;
1653 2578 1721 2635 et
1770 2560 2097 2636 Atlantem
2145 2560 2215 2633 in
2266 2579 2599 2653 montem,

470 2690 793 2792 virgasque
815 2702 977 2788 post
1000 2683 1496 2760 Andromedam
1520 2682 1864 2758 liberatam
1893 2683 1965 2756 in
1985 2683 2213 2757 coralia
2239 2687 2597 2775 convertit,

471 2809 966 2887 Andromedam
998 2825 1218 2882 autem
1254 2835 1526 2882 uxorem
1555 2806 1784 2881 duxit..

562 2971 720 3042 LIB.
743 2968 828 3039 V.
885 2967 1059 3041 Orto
1098 2963 1333 3039 deinde
1367 2964 1440 3037 in
1459 2964 1719 3066 nuptiis
1749 2964 2073 3055 tumultu,
2101 2965 2442 3053 Pluinma,
2484 2969 2598 3068 qui

478 3117 796 3192 sponsam
829 3087 962 3162 sibi
987 3086 1395 3174 vindicabat,
1434 3113 1587 3160 cum
1612 3086 1751 3161 suis
1768 3142 1789 3175 ,
1826 3105 1894 3161 et
1912 3115 2069 3161 mox
2094 3088 2290 3163 etiam
2317 3088 2600 3164 Proetum

474 3233 543 3291 et
574 3211 941 3319 Polydecten
990 3239 1218 3286 saxeos
1252 3210 1493 3286 reddit.
1540 3211 1715 3284 Tum
1769 3209 1995 3285 Pallas
2013 3270 2031 3298 ,
2085 3241 2232 3314 quae
2280 3214 2601 3289 hactenus

475 3337 700 3413 Persei
727 3361 949 3409 comes
973 3332 1187 3408 fuerat
1207 3388 1225 3421 ‚
1262 3361 1343 3407 eo
1375 3330 1641 3419 relicto,
1678 3332 1750 3405 in
1777 3333 2168 3409 Heliconem
2202 3364 2272 3410 se
2307 3337 2600 3425 confert,

477 3479 557 3535 ut
589 3459 1016 3561 Hippocrenen
1052 3455 1380 3557 inspiciat.
1419 3456 1531 3530 Ibi
1562 3473 1834 3529 narrant
1867 3457 1928 3530 ei
1955 3459 2168 3531 Musae
2203 3457 2282 3532 de
2327 3458 2606 3565 Ifrmten

477 3600 545 3658 et
574 3580 918 3656 Reddebas
948 3579 1022 3652 in
1041 3578 1218 3679 paiens
1248 3577 1585 3652 conversis
1603 3633 1623 3665 ,
1660 3594 2020 3678 postquam
2054 3595 2251 3654 cantu
2286 3579 2603 3655 instituto

479 3704 641 3780 hinc
672 3703 753 3776 de
776 3702 974 3776 variis
997 3700 1278 3775 Deorum
1300 3697 1928 3798 tran-finnattbnibus
1952 3700 2337 3777 inanimalia
2351 3758 2372 3791 ,
2411 3702 2598 3778 illinc

478 3824 562 3915 de
595 3841 775 3927 raptu
815 3820 1209 3921 Proserpinae
1230 3878 1250 3905 ‚
1305 3819 1386 3892 de
1435 3818 1674 3895 Ceren‘s
1722 3823 2021 3898 ermn'bns
2037 3884 2057 3911 ‚
2115 3824 2194 3899 de
2252 3823 2492 3932 Cyanes
2536 3827 2609 3901 in

454 3950 720 4053 fimum,
733 3946 922 4050 pueri
940 3941 1283 4043 cujusdam
1312 3941 1385 4014 in
1414 3943 1769 4032 stellebnem,
1802 3945 2164 4048 Ascaloplu'
2187 3947 2261 4021 in
2283 3947 2599 4034 bubonem,

473 4074 788 4161 Sirenum,
824 4066 1295 4171 Proserpinam
1323 4068 1785 4169 quaerentium,
1810 4068 1882 4145 in
1905 4097 2042 4144 aves
2071 4098 2153 4145 ex
2180 4087 2365 4171 parte
2381 4127 2400 4161 ,
2425 4074 2608 4147 Are—
