2975 4784
496 385 583 456 ’ΞΟ

1042 362 1118 425 Ρ.
1183 361 1543 430 OVIDII
1588 359 2039 429 NASONIS

492 498 935 599 Regalemque
969 499 1241 573 domum
1279 529 1295 572 t
1333 501 1560 576 dextra
1587 499 1875 601 laevaquc
1909 502 2204 575 Deorum

496 623 685 697 Atria
719 620 1049 696 nobilium
1082 622 1284 697 valvis
1318 622 1734 698 celebrantur
1766 623 2029 723 apertis.

495 736 695 810 Plebs
727 739 1034 812 habitant
1067 739 1319 814 diversa
1348 740 1515 814 locis
1546 770 1561 812 τ
1600 769 1637 813 a
1671 738 1889 813 fronte
1919 755 2227 840 potentes

500 851 852 943 Caelicolae,
895 850 1183 957 clarique
1215 885 1376 932 suos
1406 885 1689 957 posuere
1721 874 2014 956 penates,

402 1021 406 1028 ⁴
494 969 627 1043 Hic
662 967 849 1044 locus
883 988 984 1046 est
1008 1028 1027 1060 ,
1068 1000 1263 1071 quem
1283 1028 1302 1060 ,
1336 972 1392 1044 si
1430 971 1650 1046 verbis
1681 971 1952 1045 audacia
1984 971 2178 1045 detur
2200 1024 2220 1058 ,
2524 1006 2578 1058 ¹7

2585 990 2614 1042 ς’,

496 1159 883 1213 accommodate
909 1155 973 1213 ad
998 1178 1175 1213 mores
1192 1162 1349 1214 Rom.
1376 1160 1507 1214 dixit
1605 1180 1844 1215 errorem
1864 1159 2136 1230 aperuisse.
2169 1156 2395 1226 Legebat
2414 1156 2616 1226 Tanaq.

495 1242 629 1288 attia
651 1241 961 1290 celebrantur
977 1248 1074 1291 etc
1103 1258 1117 1300 ;
1159 1237 1202 1291 is
1230 1238 1374 1292 enim
1398 1238 1510 1291 ho-

499 1333 602 1367 nor
618 1316 803 1369 Romae
823 1315 1083 1369 nobilibus
1100 1315 1279 1370 haberi
1298 1316 1511 1370 solebat.

570 1393 675 1461 173.
690 1396 854 1446 Plebs.
872 1403 1091 1462 Δκίμσνες
1108 1395 1366 1471 &tvrtpufi-
1379 1414 1423 1446 e.
1437 1412 1514 1446 se·

498 1470 896 1525 cundiordinis:
884 1472 1201 1525 ·videGraev.
1214 1472 1278 1525 ad
1298 1470 1513 1525 Hesiod.

497 1541 855 1622 Ep2.141.Ut
878 1549 1063 1602 Roma}
1089 1549 1288 1602 nobiles
1315 1560 1368 1601 et
1391 1547 1515 1617 ple-

502 1625 635 1690 beii,
662 1625 735 1679 sic
757 1625 917 1677 etiam
944 1627 999 1679 in
1021 1627 1161 1679 caelo.
1184 1627 1308 1679 Non
1337 1636 1516 1678 autem

502 1701 726 1755 debebat
749 1704 881 1755 verti
898 1706 989 1755 det
1005 1707 1203 1757 Poebel.
1230 1704 1312 1755 Ad
1322 1708 1517 1770 plebem

503 1798 533 1832 a
548 1781 741 1833 Nostro
752 1781 809 1833 in
828 1781 903 1834 lb.
919 1784 976 1835 81
987 1823 999 1834 .
1012 1784 1314 1835 reseruntur
1326 1782 1513 1843 Fauni,

504 1856 678 1928 Satyri
697 1897 712 1923 ,
738 1858 999 1930 Nympha
1018 1899 1033 1926 ‚
1058 1859 1321 1922 Semidei;
1349 1859 1440 1913 sed
1463 1859 1517 1913 hi

504 1954 655 2004 mox,
685 1956 817 1990 vers.
839 1959 927 2011 ¹9²
946 1958 984 1992 s.
1010 1940 1072 1991 ab
1089 1959 1149 1992 ea
1177 1939 1520 2009 distinguun-

503 2027 624 2080 tur;
654 2016 890 2071 habitant
925 2018 1148 2072 enimin
1178 2020 1344 2073 terris.
1372 2019 1520 2072 Inter

504 2096 642 2149 cives
666 2096 937 2150 Romanos
970 2098 1213 2151 nonnulli
1236 2110 1390 2151 erant
1410 2117 1520 2165 po·-

504 2178 680 2233 ienles,
700 2173 932 2226 valentes
947 2176 1108 2242 gratia
1125 2184 1177 2227 et
1193 2175 1518 2237 auctoritate,

505 2259 665 2317 atque
698 2254 834 2303 clari
853 2252 935 2304 vel
968 2252 1224 2305 natalibus
1254 2252 1333 2304 vel
1367 2252 1521 2303 rebus

509 2327 676 2395 gestis.
712 2327 849 2380 Vide
879 2328 1027 2382 Cort.
1057 2329 1122 2381 ad
1160 2329 1364 2382 Sallust.
1403 2328 1522 2382 Cat.

508 2403 575 2456 33
590 2444 606 2469 ‚
638 2425 676 2458 1.
696 2404 804 2457 Sed
823 2405 875 2458 hi
900 2406 1221 2472 Diipolenles
1241 2405 1522 2458 disserunt—

507 2502 579 2536 ne
613 2503 643 2537 a
669 2488 948 2546 nobilibus,
995 2503 1284 2553 eorumque
1314 2491 1525 2551 penales

511 2562 577 2614 ab
612 2561 823 2614 illorum
863 2562 1047 2615 atriis?
1093 2563 1170 2615 Ea
1205 2562 1384 2631 opinio
1426 2562 1525 2616 suit

512 2640 702 2707 Rodii,
737 2642 826 2711 qui
851 2642 1042 2695 Jovem
1065 2653 1118 2695 et
1141 2642 1416 2694 Jnnonem
1438 2641 1525 2694 hic

515 2718 730 2790 intelligi
766 2720 991 2773 monuit.
1032 2719 1139 2772 Sed
1176 2737 1286 2770 non
1322 2718 1394 2770 ita
1429 2728 1523 2771 est.

516 2795 691 2851 Antea
737 2802 962 2850 dez-Iram
1005 2801 1275 2863 Inoamque
1316 2806 1402 2847 tan
1410 2805 1523 2848 tum

512 2884 1019 2928 commemoraverat
1045 2884 1232 2944 poeta;
1272 2873 1381 2942 jam
1412 2872 1526 2926 loca

521 2952 805 3005 accuratius
845 2953 1032 3008 desinit
1064 2969 1079 3003 :
1109 2956 1262 3007 Plebs
1293 2954 1532 3004 habitan!

517 3031 712 3079 diversa
726 3034 868 3094 loce),
884 3032 1096 3086 diversis
1106 3032 1228 3085 locis
1240 3028 1395 3101 (vers.
1410 3028 1523 3098 4ο),

516 3103 608 3156 sed
624 3107 815 3157 nomes
833 3127 921 3160 seu
931 3117 1160 3175 polentes
1173 3109 1383 3177 astante
1396 3147 1409 3168 ‚
1435 3108 1528 3161 ὅθί·

522 3181 642 3233 licet
664 3182 845 3250 regalis
868 3185 1068 3241 domus.
1102 3188 1252 3241 Adeo
1276 3188 1529 3239 insueve—

520 3267 637 3323 rat,
674 3266 881 3323 penales
917 3262 982 3314 de
1022 3263 1181 3316 domo
1213 3263 1417 3327 dicere,
1468 3272 1529 3314 ut

524 3344 677 3402 poeta
700 3351 845 3386 nunc
867 3340 1022 3390 etiam
1047 3339 1110 3391 ad
1138 3341 1377 3394 Deorum
1395 3340 1528 3408 ipso-

520 3429 646 3464 rum
671 3412 854 3465 domos
876 3418 1222 3471 transtulerit:
1243 3420 1307 3473 cs.
1337 3439 1383 3473 v.
1417 3423 1528 3487 775.

525 3516 593 3529 —-·
611 3493 797 3544 Ponere
811 3490 1026 3559 domos,
1057 3495 1309 3558 condere;
1346 3496 1530 3550 Graece

527 3578 583 3621 St
574 3571 691 3621 ’σθαι
705 3576 769 3623 οἶν
760 3577 865 3629 dag:
873 3598 939 3610 —-
955 3573 1182 3640 Cloe-ique
1198 3593 1533 3641 πωροι-πετο

518 3651 742 3711 penates.
757 3646 945 3699 Hicest
962 3648 1153 3719 aliquid
1169 3653 1308 3719 quod
1327 3672 1354 3704 a
1367 3654 1532 3706 nemi·

514 3741 596 3774 ἠε
633 3722 1049 3779 animadversum
1078 3729 1229 3781 fuisse
1265 3729 1529 3797 demiror,

528 3817 719 3868 nempe
740 3838 755 3864 ,
765 3807 993 3864 polentes
1004 3806 1255 3870 clarique5
1282 3814 1335 3856 et
1356 3815 1532 3860 tamen

530 3878 642 3948 quis
667 3877 765 3929 hoc
788 3879 918 3930 serat
937 3916 952 3942 ,
976 3879 1075 3931 nisi
1106 3879 1196 3946 qui
1218 3880 1362 3932 omni
1378 3899 1534 3936 sensu

530 3953 775 4009 carminis
794 3964 965 4006 careat
988 3964 1041 4007 et
1065 3954 1147 4006 cui
1177 3974 1259 4007 res
1283 3974 1313 4006 a
1342 3956 1534 4023 judicio

531 4034 667 4086 male
700 4030 931 4086 habeat?
975 4030 1074 4083 Alii
1102 4032 1311 4084 sortasse
1350 4034 1536 4091 melius

530 4109 852 4179 conjecerint
875 4117 927 4162 et
945 4107 1075 4161 mihi
1094 4108 1213 4161 satis
1243 4129 1350 4163 esse
1380 4109 1536 4167 debet

1609 1239 1779 1292 Faber
1797 1279 1812 1304 ,
1840 1238 2003 1308 Epist.
2027 1253 2072 1289 11
2089 1276 2104 1302 ,
2131 1237 2234 1309 69:

2071 1326 2110 1365 A
2124 1325 2252 1364 fronte
2267 1331 2440 1375 potentes

1609 1403 1795 1443 caliculo
1807 1401 1884 1440 eibi
1905 1401 2070 1452 quinque
2087 1413 2180 1438 suos
2199 1411 2360 1449 posuere
2380 1403 2554 1449 penates.

1611 1475 1667 1530 Si
1686 1477 1757 1530 ita
1777 1476 1888 1528 sine
1914 1474 2054 1527 libris
2079 1471 2294 1542 grassari
2319 1472 2402 1540 jus
2431 1470 2621 1537 suerit,

1611 1552 1739 1623 quid
1765 1571 1875 1606 non
1897 1551 2155 1621 restingere
2177 1549 2349 1602 licebit
2373 1548 2438 1601 ad
2464 1567 2620 1602 suum

1613 1628 1933 1683 arbitrium?
1974 1629 2044 1681 Et
2073 1627 2173 1680 boc
2208 1636 2285 1680 est
2314 1623 2620 1679 calumniari

1614 1706 1872 1759 Veterum
1889 1704 2136 1772 loquendi
2154 1702 2588 1757 consuetudinem
2604 1741 2620 1762 .

1615 1784 1702 1853 qui
1721 1801 1854 1851 sape
1875 1780 2104 1850 epitheta
2120 1781 2240 1834 talia
2258 1781 2591 1848 geminabant
2605 1818 2622 1844 ,

1615 1879 1729 1929 quae
1753 1859 1912 1912 etiam
1931 1898 1945 1922 ,
1971 1858 2013 1911 si
2042 1858 2209 1928 arguti
2237 1877 2347 1910 esse
2371 1857 2589 1910 velimus
2606 1894 2625 1923 ,

1615 1938 1756 1990 inter
1785 1957 1841 1990 se
1874 1936 2084 1989 differre
2120 1935 2396 1989 ostendere
2430 1933 2626 1987 liceret.

1619 2016 1921 2071 Clare‘enim
1942 2026 2097 2081 sunt,
2121 2015 2203 2067 vel
2227 2016 2294 2067 ob
2315 2013 2513 2067 nobiles
2531 2030 2630 2065 na·

1617 2096 1775 2161 tales,
1804 2096 1884 2147 vel
1911 2095 1978 2146 ob
1995 2113 2079 2147 res
2111 2103 2306 2162 gestas3
2329 2110 2504 2160 neque
2534 2099 2630 2143 ta-

1615 2194 1740 2227 men
1761 2175 1879 2228 ideo
1895 2175 2132 2243 sequitur
2149 2192 2333 2226 omnes
2349 2172 2508 2225 etiam
2525 2174 2632 2223 cla·

1615 2271 1700 2304 ros
1721 2271 1830 2305 esse
1842 2260 2072 2320 potentes
2088 2292 2102 2305 .
2129 2250 2181 2302 id
2205 2261 2284 2302 est
2291 2254 2462 2316 gralia
2473 2259 2524 2301 et
2533 2267 2633 2315 po-

1615 2335 1777 2382 tealia
1803 2329 1992 2381 florere
2021 2328 2077 2380 in
2104 2325 2262 2390 aulis,
2288 2326 2370 2377 vel
2392 2326 2633 2378 civitate:

1618 2406 1690 2460 sic
1713 2425 1839 2476 ergo
1859 2416 1998 2458 recte
2014 2402 2260 2471 distingui
2284 2412 2514 2469 possunt.
2529 2404 2638 2454 Po-

1617 2492 1777 2538 tentes
1810 2503 1936 2553 ergo
1974 2482 2063 2534 Dii
2102 2491 2222 2533 sunt
2253 2480 2400 2531 Jovis
2437 2480 2595 2531 amici
2618 2520 2635 2546 ‚

1618 2563 1892 2619 consiliarii
1911 2584 1925 2626 ;
1962 2565 2097 2614 clari
2112 2600 2126 2626 ,
2154 2559 2242 2628 qui
2263 2557 2639 2627 antiquissimis

1619 2641 1734 2696 Diis
1768 2639 1963 2710 geniti,
1996 2656 2109 2690 non
2143 2654 2269 2688 vero
2302 2633 2544 2706 adscripti
2578 2647 2637 2690 et

1618 2720 1811 2789 recepti
1838 2728 2015 2787 postea
2040 2717 2093 2768 in
2121 2716 2339 2781 caelum,
2376 2713 2450 2766 dii
2473 2715 2596 2768 facti
2619 2737 2635 2779 ;

1619 2807 1678 2850 ut
1694 2807 1863 2865 patres
1880 2794 2150 2847 minorum
2166 2803 2220 2845 et
2230 2793 2494 2861 majorum
2510 2810 2636 2863 gen·

1620 2875 1754 2927 tium
1775 2874 1961 2926 Rornae
1986 2882 2152 2925 erant.
2177 2873 2372 2925 Bonus.

1690 2972 1708 3003 1
1720 2956 1797 3022 75.
1819 2952 2051 3004 Siverbis
2067 2952 2290 3003 audacia
2309 2953 2464 3001 detur.
2488 2947 2637 3001 Adu-

1617 3033 1742 3087 latio
1765 3033 1820 3084 in
1844 3032 2140 3100 Augustum
2158 3070 2173 3097 ‚
2197 3032 2345 3098 cujus
2367 3028 2552 3081 domus
2576 3028 2632 3080 in

1620 3122 1804 3165 monte
1839 3110 2078 3165 Palatino
2099 3114 2353 3163 Palatium
2380 3107 2515 3160 dicta
2540 3117 2636 3160 est.

1624 3188 1943 3242 Constructa
1978 3199 2154 3242 autem
2184 3197 2295 3240 erat
2317 3206 2378 3240 ex
2402 3185 2635 3255 pluribus

1621 3264 1849 3319 adificiis
1865 3265 2155 3318 minoribus
2171 3264 2224 3316 in
2251 3263 2406 3316 unius
2422 3261 2637 3315 max‘imi

1621 3343 1863 3412 speciem.
1909 3343 1978 3395 Et
2003 3342 2076 3395 sic
2101 3340 2390 3410 comparari
2415 3358 2536 3393 cum
2567 3356 2633 3390 eo

1624 3432 1832 3491 poterat
1843 3420 2056 3474 celestis
2072 3419 2156 3472 illa
2171 3418 2334 3473 sedes
2370 3420 2490 3472 Non
2509 3416 2638 3468 dixit

1624 3503 1767 3553 haud
1781 3504 1996 3553 dubitem
2009 3539 2022 3560 ‚
2047 3509 2107 3552 ut
2129 3498 2292 3552 MSS.
2311 3496 2526 3567 quidam
2544 3495 2638 3548 ha-

1625 3576 1754 3630 bent
1771 3616 1787 3643 ‚
1816 3576 1906 3630 sed
1933 3576 2258 3629 reverentius
2280 3580 2494 3627 thaeum.
2515 3575 2641 3626 An·-

1624 3656 1827 3706 dact'am
1851 3672 1998 3706 suam
2023 3663 2246 3719 excusat,
2261 3671 2390 3716 non,
2417 3661 2475 3704 ut
2496 3649 2642 3702 Len·-

1628 3730 1734 3783 zius
1768 3732 2012 3799 putabat,
2048 3740 2107 3783 ut
2141 3729 2459 3782 deteriorem
2492 3725 2642 3778 Jovis

1628 3804 1849 3859 domum
1885 3807 2077 3877 palatio
2103 3805 2324 3875 Augusti
2355 3804 2642 3857 declararet

1628 3883 1861 3947 (sordida
1884 3885 2029 3939 enim
2054 3885 2230 3937 suisset
2249 3884 2334 3936 illa
2356 3880 2639 3944 adulatio),

1627 3962 1716 4014 sed
1735 3966 1856 4032 quia
1878 3963 2069 4017 summi
2089 3963 2191 4014 Dei
2208 3961 2429 4015 domum
2445 3998 2460 4026 ‚
2478 3976 2642 4028 quem

1628 4044 1775 4094 omni
1798 4043 1848 4095 h.
1870 4044 1902 4095 1.
1929 4043 1981 4095 in
2002 4041 2226 4094 maxima
2244 4041 2513 4108 majestate
2534 4035 2644 4090 ool-

1627 4114 1762 4170 locat
1779 4156 1794 4183 ‚
1818 4137 1941 4172 cum
1957 4118 2188 4176 humana
2205 4128 2480 4172 etterrena
2491 4133 2642 4170 com-
