2975 4784
599 364 1640 436 METAMORPHOSEON
1682 369 1877 437 LIB.
1929 373 2079 440 111.

285 539 322 570 »
362 503 436 577 Si
464 504 719 605 poteris
750 531 1045 592 narrare,
1077 503 1250 581 licet.
1283 539 1321 572 »
1352 508 1490 582 Nec
1524 506 1718 607 plura
1748 510 1992 585 minata
2011 569 2030 600 ,

280 623 423 696 Dat
455 649 688 723 sparso
726 622 931 723 capiti
963 622 1206 697 vivacis
1238 637 1489 697 cornua
1515 623 1688 697 cervi
1719 653 1739 711 ;

282 738 425 810 Dat
458 736 749 836 spatium
782 732 995 824 collo;
1025 762 1446 838 summasque
1479 738 1850 813 cacuminat
1883 767 2068 815 aures
2097 771 2114 829 ;

2269 377 2391 461 241

2315 769 2408 838 195

286 855 462 927 Cum
496 851 913 954 pedidusqne
945 880 1215 939 manua,
1253 882 1404 928 cum
1437 851 1662 951 longia
1697 855 1967 931 brachia
1992 876 2205 934 mutat

287 967 662 1056 Cruribus;
693 985 762 1042 et
793 966 964 1042 velat
994 966 1331 1042 maculoso
1366 968 1605 1044 vellere
1641 998 1903 1072 corpuS.

286 1083 584 1162 Additus
623 1101 691 1157 et
720 1111 926 1183 pavor
960 1100 1062 1157 est
1093 1113 1111 1157 ε
1146 1082 1321 1180 fugit
1358 1086 1780 1160 Autonoeius
1814 1087 2013 1162 heros
2043 1119 2060 1177 ;

290 1201 380 1273 Et
416 1227 486 1273 se
523 1216 655 1273 tam
690 1197 966 1274 celerem
1002 1227 1201 1273 cursu
1229 1200 1510 1275 miratur
1542 1201 1613 1273 in
1647 1202 1818 1302 ipso.

290 1316 391 1386 Ut
425 1341 579 1386 vero
617 1312 836 1387 solitis
867 1342 987 1389 sua
1021 1342 1271 1389 cornua
1304 1313 1472 1387 vidit
1506 1315 1577 1388 in
1611 1316 1811 1390 undis
1832 1372 1851 1403 ‚
2324 1361 2421 1398 200

292 1430 412 1504 Me
444 1430 795 1503 miserum!
835 1429 1133 1504 dicturus
1162 1447 1347 1505 erat:
1375 1458 1504 1503 vox
1536 1429 1719 1504 nulla
1749 1450 2031 1533 sequuta
2058 1453 2178 1509 est.

295 1543 677 1638 Ingemuit3
712 1572 840 1617 vox
875 1543 989 1618 illa
1023 1545 1196 1632 fuit;
1229 1543 1639 1647 lacrimaeque
1677 1574 1796 1646 per
1829 1575 1945 1620 ora

292 1663 463 1735 Non
493 1689 610 1734 sua
638 1659 968 1734 fluxerunt
994 1690 1011 1732 ε
1038 1688 1225 1734 mens
1262 1678 1520 1736 tantum
1550 1661 1832 1763 pristina
1867 1664 2128 1738 mansit.

298 1776 498 1876 Quid
529 1775 769 1850 faciat?
800 1793 1138 1878 repetatne
1174 1774 1477 1864 domum,
1514 1793 1581 1851 et
1603 1775 1848 1872 regalia
1883 1782 2104 1853 tecta?

298 1954 631 2012 Stesichorus
656 1953 873 2021 dixerat,
892 1953 1124 2007 Dianam
1147 1954 1196 2008 ei
1220 1957 1321 2010 ἰλά-

302 2034 672 2109 ρσυπεμθᾶλλην
683 2036 841 2108 δέρμα.
858 2031 1182 2103 Polygnotus
1190 2050 1317 2085 eum

300 2122 356 2166 et
386 2121 612 2164 mtrem
648 2111 886 2180 pinxerat
913 2129 1079 2163 cervo
1110 2111 1319 2163 hinnu-

302 2189 452 2243 leum
492 2188 734 2242 manibus
778 2198 1019 2241 tenentes
1033 2227 1048 2254 ,
1091 2187 1319 2256 pellique

304 2265 535 2319 cervina
566 2264 856 2318 insidentes
877 2304 893 2331 ,
933 2264 1169 2318 adstante
1190 2283 1323 2318 cane

304 2342 556 2397 venatico.
581 2342 806 2395 Pausan.
829 2342 878 2394 X
896 2380 911 2407 ,
937 2360 987 2410 p.
1000 2341 1191 2411 ⁸7²³-
1212 2342 1323 2395 Ac-

306 2422 492 2476 taonis
536 2419 872 2474 transmutati
916 2437 1067 2472 cansa
1087 2458 1101 2481 ‚
1151 2418 1326 2488 inquit

306 2498 577 2553 Diodorus
595 2537 611 2564 ,
651 2496 741 2550 lib.
766 2499 817 2548 V
833 2535 849 2563 ,
876 2495 1099 2550 traditur
1121 2516 1151 2550 a
1171 2515 1325 2550 non-

310 2578 494 2644 nullis,
539 2575 685 2646 quod
717 2576 905 2630 Diana
940 2577 1279 2630 concubitum
1303 2614 1321 2644 ,

310 2673 474 2724 quum
505 2663 792 2707 venaretur
823 2652 879 2704 in
904 2653 1170 2707 montibus
1188 2692 1203 2719 ‚
1228 2651 1331 2705 ad-

312 2732 549 2801 petierim
571 2728 848 2800 Euripides
867 2769 883 2797 ,
904 2729 1044 2799 quod
1059 2749 1114 2784 se
1128 2729 1203 2784 illi
1217 2729 1327 2783 Ac·-

314 2821 449 2865 taeon
466 2808 756 2881 protulerit
771 2808 998 2861 venandi
1012 2818 1138 2862 arte.
1156 2808 1333 2873 Juno,

318 2888 452 2959 apud
508 2887 800 2941 Lucianum
816 2924 832 2952 ,
879 2886 1065 2939 Dianae
1105 2886 1331 2956 sceptice

314 2967 599 3037 exprobrat
610 2965 1028 3029 deformitatem3
1052 2966 1214 3019 visam
1235 2965 1334 3019 sci-

320 3048 438 3101 licet
463 3047 531 3101 ab
560 3047 809 3099 Actaeone
830 3084 846 3112 ,
876 3045 1098 3098 veritam
1120 3064 1190 3098 ne
1212 3043 1332 3097 ado-

318 3124 519 3178 lescens
530 3123 692 3193 ipsius
712 3121 1118 3192 turpitudinem,
1141 3130 1333 3190 αἴσχη,

322 3202 595 3272 evulgaret
607 3240 623 3268 ,
648 3200 920 3254 immisisse
934 3198 1008 3252 illi
1022 3217 1190 3253 canes.
1202 3199 1337 3252 Dia-

321 3281 421 3351 log.
442 3279 676 3333 Junonis
694 3289 750 3333 et
772 3279 1001 3331 Latona.
1024 3278 1124 3332 Ed.

386 3359 501 3431 ¹9³·
525 3359 795 3424 Necplnm
805 3360 1018 3408 nt‘natae.
1039 3354 1197 3408 Unus
1209 3355 1339 3408 Mo-

323 3437 423 3490 reti
434 3445 491 3489 et
506 3432 777 3488 Leidensis
792 3471 808 3499 ,
821 3439 1019 3486 mla
1030 3471 1045 3494 ‚
1078 3432 1219 3501 quod
1235 3452 1340 3486 ve-

324 3522 547 3566 nustum
572 3510 794 3564 Heinsio
815 3508 1038 3563 videtur.
1051 3536 1120 3550 —
1138 3511 1344 3564 Hekale

324 3590 491 3644 nostri
516 3588 672 3658 Regii
690 3587 901 3642 habent.
925 3614 993 3627 -·
1022 3590 1220 3652 νίψαι
1244 3588 1341 3641 sre-

324 3687 494 3737 quens
536 3683 818 3720 cervorum
863 3665 1135 3735 epitheton
1166 3706 1182 3734 ,
1220 3666 1343 3735 quia

326 3746 456 3799 olim
480 3743 836 3798 credebantur
856 3761 1017 3811 quam
1046 3742 1343 3814 longissime

328 3826 522 3879 vivere.
545 3823 749 3876 Auson-
766 3841 780 3877 ε
796 3824 910 3875 Hos
923 3820 1215 3891 (homines)
1239 3844 1344 3878 uo—

330 3908 435 3956 os‘es
451 3908 665 3969 sapen!
683 3903 892 3953 virendo
906 3903 1114 3967 gemla
1133 3906 1309 3952 com’a·
1322 3941 1336 3965 ‚

332 3983 404 4035 Ee
433 3987 618 4050 quater
642 3982 891 4047 egrederer
924 3982 1142 4031 comet-125
1164 3983 1353 4035 secula

334 4076 530 4119 emus,
565 4074 685 4125 qua
697 4073 822 4108 vero
834 4053 1210 4108 recentioribus
1224 4064 1351 4107 tem·

334 4135 554 4208 juribus
570 4143 781 4202 reperta
797 4142 922 4186 sunt
932 4132 1194 4187 falsissima
1204 4153 1220 4200 5
1236 4151 1355 4188 cet-

574 4224 731 4292 III.

1416 1976 1511 2011 vus
1534 1958 1680 2011 enim
1695 1957 1777 2010 vix
1793 1958 2250 2029 quadragesimum
2269 1964 2433 2016 etatis

1417 2053 1622 2087 annum
1655 2035 1876 2105 attingit.
1912 2060 1980 2075 --
2010 2037 2262 2104 Spatium,
2299 2039 2431 2091 lon-

1416 2110 1727 2181 gitudinem.
1760 2138 1829 2150 -
1861 2114 2217 2174 Cae-amiam,
2258 2125 2432 2169 acutas

1416 2184 1660 2250 reddere,
1686 2186 1909 2238 verbum
1925 2185 2121 2239 ovidio
2143 2189 2432 2257 proprium.

1491 2263 1599 2332 198.
1626 2262 2146 2333 Paeodssymbolum
2162 2265 2300 2333 apud
2323 2264 2436 2319 Ve-

1417 2349 1557 2393 teres
1572 2348 1686 2392 erat
1699 2357 1896 2393 cervus.
1917 2340 2138 2394 Homer.
2167 2342 2225 2396 n.
2240 2350 2299 2410 A,
2317 2349 2432 2397 225.

1417 2445 1485 2458 -
1508 2419 1695 2481 Hems,
1723 2418 1844 2487 quia
1868 2431 2038 2472 mater
2059 2420 2174 2488 ejus
2192 2440 2254 2474 ex
2279 2422 2435 2475 Har-

1419 2495 1601 2548 monia
1637 2496 1825 2549 Martis
1869 2509 1924 2550 et
1968 2496 2192 2551 Veneris
2227 2500 2401 2568 neptis
2419 2540 2435 2566 ‚

1420 2582 1572 2643 pater
1594 2572 1851 2643 Apollinis
1873 2574 2027 2628 filius.
2064 2574 2142 2642 ls,
2169 2576 2258 2645 qui
2275 2576 2438 2630 modo

1419 2653 1568 2704 hem:
1591 2651 1763 2704 suerat
1779 2691 1796 2719 ‚
1828 2654 2167 2721 nuncsu51'1,·
2192 2653 2334 2723 quod
2358 2655 2438 2707 in·

1424 2727 1662 2797 dignum.
1688 2755 1758 2768 —
1783 2730 1859 2781 E!
1881 2749 1940 2782 se
1963 2737 2067 2782 tam
2103 2736 2308 2784 celetem
2342 2743 2442 2786 etc.

1424 2805 1760 2860 Luxuriantis
1781 2806 1982 2876 ingenii
2002 2817 2095 2862 est.

1493 2903 1607 2938 aoo.
1642 2886 1717 2938 Ut
1735 2904 1852 2938 uero
1869 2887 2040 2938 solim·
2057 2895 2156 2939 etc.
2198 2887 2277 2940 Ita
2303 2887 2442 2941 bunc

1426 2981 1638 3017 versum
1651 2981 1714 3016 ex
1731 2961 1974 3017 Leidensi
1987 2962 2151 3017 edidit
2176 2966 2442 3023 Heinsius.

1433 3041 1627 3097 Ceteri
1643 3081 1659 3110 ,
1683 3050 1744 3096 nt
1763 3062 1880 3096 vem
1901 3047 2072 3097 vultu
2087 3051 2141 3096 e!
2157 3064 2357 3099 comta.
2377 3074 2447 3089 ·—

1430 3119 1613 3174 Nostri
1655 3120 1808 3190 Regii
1845 3120 2109 3191 vulgatam
2143 3120 2353 3176 habent.
2378 3152 2446 3165 —

1430 3199 1621 3252 Solius.
1646 3195 1868 3250 Veteres
1889 3199 2034 3250 enim
2050 3199 2195 3267 aquis
2215 3219 2311 3269 pro
2333 3220 2444 3271 spe·

1432 3273 1554 3328 culo
1571 3273 1871 3326 utebantur.
1888 3272 1974 3327 Cs.
1989 3293 2120 3328 vers.
2145 3279 2256 3349 498.
2279 3277 2445 3332 Hein-

1432 3352 1539 3406 sius
1569 3351 1714 3405 hunc
1734 3371 1978 3419 versum,
2011 3364 2072 3407 ut
2102 3355 2358 3409 insulsum
2395 3369 2450 3410 et

1434 3428 1686 3500 frigidum
1715 3429 1834 3497 ejici
1855 3430 2077 3485 volebat.
2116 3432 2245 3486 Sine
2282 3452 2452 3487 causa.

1440 3507 1526 3563 Cs-
1549 3509 1735 3563 similia
1753 3549 1769 3577 ,
1796 3507 1858 3574 l,
1884 3510 1984 3577 640
2003 3530 2112 3581 sqq.
2134 3551 2149 3579 ,
2169 3512 2289 3583 647.
2316 3513 2413 3583 657
2432 3552 2449 3581 ,

1438 3598 1494 3641 et
1514 3606 1637 3642 cum
1659 3607 1772 3658 sqq.
1795 3606 2039 3658 compara
2057 3630 2073 3657 ,
2110 3591 2199 3657 11,
2225 3593 2323 3658 485
2340 3607 2450 3661 sqq.

1436 3695 1506 3709 —
1520 3669 1668 3722 Bene
1685 3687 1784 3722 non
1799 3687 1895 3721 sna
1909 3707 1925 3736 ,
1952 3687 2060 3722 non
2078 3669 2127 3722 ei
2152 3668 2273 3724 data
2295 3689 2324 3723 a
2343 3689 2454 3725 na·-

1439 3758 1575 3802 tura.
1609 3746 1768 3800 Trist.
1794 3747 1878 3801 111
1900 3787 1916 3813 ,
1942 3751 1973 3814 4
1990 3787 2006 3814 ,
2052 3747 2119 3802 de
2151 3748 2370 3804 Dedalo
2402 3758 2458 3803 et

1442 3826 1813 3893 Icarofflennas
1823 3830 1972 3881 ambo
1984 3846 2085 3881 uon
2095 3831 2309 3884 habuere
2315 3848 2459 3884 suas.

1442 3903 1631 3973 virgil.
1655 3904 1851 3976 Georg.
1884 3906 1970 3968 11,
1997 3906 2060 3959 82
2097 3925 2111 3960 ε
2145 3908 2460 3975 leb-alumne

1440 3999 1600 4033 noras
1608 3982 1827 4049 frondes
1838 4021 1853 4044 ,
1888 3990 1942 4034 e!
1958 4002 2061 4035 non
2080 4002 2178 4036 sna
2188 4002 2358 4050 pona.

1533 4065 1646 4125 ²⁰4·
1698 4063 1978 4127 Repelataee
2016 4063 2230 4112 donna.
2278 4054 2464 4109 Codex

1446 4134 1644 4204 Regius
1666 4137 1712 4189 B
1735 4136 1893 4190 habet
1922 4143 2176 4202 repetatne
2208 4137 2383 4189 domos
2415 4139 2471 4184 et

2122 4223 2198 4287 16
