2975 4784
663 357 1698 428 METAMoRPnosEoN
1754 360 1954 428 LIB.
2014 311 2162 430 lv.

2316 366 2437 432 351

322 504 590 576 Laevum
621 502 1002 590 Mercuri03
1037 499 1341 575 dextrum
1377 501 1542 588 tibi,
1578 498 1819 575 bellica
1850 501 2075 599 virgo;

323 619 461 691 Ara
493 618 683 692 Jovis
713 616 932 692 media
963 634 1067 691 est
1096 646 1113 690 ε
1147 632 1472 690 mactatur
1498 644 1692 691 vacca
1723 617 2080 707 Minervam

326 735 596 838 Alipedi
628 735 921 822 vitulus;
956 752 1186 809 taurus
1219 734 1382 820 tibi,
1421 762 1673 808 summe
1709 734 2028 809 Deorum.

328 851 645 925 Protinus
678 849 1151 925 Andromedan
1170 905 1189 938 ‚
1227 867 1294 924 et
1325 849 1489 924 tanti
1520 849 1788 950 praemia
1818 848 1976 923 facti

332 972 642 1046 Indotata
673 973 851 1072 rapit
880 1002 896 1045 ε
934 972 1134 1046 taedas
1172 973 1569 1073 Hymenaeus
1596 973 1940 1072 Amorque

330 1096 735 1197 Ptaecipiunt
762 1125 780 1170 :
814 1094 1015 1191 largis
1050 1095 1375 1169 satiantur
1403 1095 1726 1202 odoribus
1752 1096 1975 1190 ignes;

331 1312 525 1356 verunt
537 1341 552 1368 ,
570 1299 697 1369 quid
714 1301 826 1354 veri
841 1300 938 1354 sub
950 1319 1012 1353 ea
1026 1300 1184 1356 lateat
1204 1318 1218 1354 :
1238 1300 1345 1354 vid.

331 1384 554 1437 Pausan.
570 1380 815 1435 Corinth.
830 1400 882 1450 p.
897 1384 1009 1450 159,
1024 1381 1113 1433 ubi
1124 1391 1182 1434 et
1195 1398 1347 1433 suam

328 1469 389 1512 et
401 1459 574 1525 Procli
586 1478 677 1512 sen
685 1458 905 1512 tentiam
925 1460 1090 1511 affert.
1106 1458 1186 1515 Ex
1207 1459 1348 1513 Pau·

331 1540 490 1592 sanie
503 1539 752 1608 opinione
764 1578 779 1605 ‚
803 1536 1031 1591 Medusa
1051 1538 1151 1591 suit
1166 1536 1349 1606 regina

331 1637 524 1672 eorum
553 1618 866 1687 populorum
883 1655 898 1682 ,
939 1617 1031 1687 qui
1069 1617 1135 1670 ad
1174 1615 1348 1670 laeum

332 1695 672 1750 Tritonidem
712 1695 766 1748 in
817 1695 993 1749 Africa
1029 1694 1348 1749 habitabant.

333 1776 481 1828 Ausa
493 1773 578 1826 illa
590 1791 713 1826 cum
730 1773 919 1826 Perseo
933 1770 1204 1843 congredi,
1215 1771 1350 1825 victa

329 1864 413 1907 est
435 1863 491 1906 et
515 1851 783 1905 tmcidata.
818 1851 1041 1905 Perseus
1064 1848 1351 1903 admiratus

330 1934 448 2002 ejus
462 1932 690 1984 sormam
701 1968 717 1994 ‚
737 1941 890 1999 caput
904 1930 1020 2000 ejus
1031 1929 1347 1998 amputavit,

332 2020 491 2080 atque
501 2027 682 2063 secum
698 2009 753 2061 in
768 2007 1029 2062 Graciam
1044 2007 1244 2074 attulit,
1260 2007 1351 2060 ubi

335 2088 598 2159 sepultum
632 2099 727 2143 est.
764 2087 1033 2142 Diodorus
1055 2127 1071 2153 ,
1108 2087 1196 2140 lib.
1234 2087 1316 2140 lv
1331 2125 1349 2155 ‚

336 2180 516 2224 censet
540 2209 557 2236 ‚
604 2169 760 2223 fuisse
809 2168 1088 2238 Gorgones
1131 2167 1352 2220 seminas

335 2246 598 2302 bellicosas
614 2248 671 2300 in
691 2246 887 2310 Africa,
901 2242 1354 2313 quemadmodum

340 2325 636 2379 Amazones
672 2327 731 2379 in
769 2322 984 2396 Scythia
1005 2345 1019 2386 ς
1065 2341 1153 2376 eas
1188 2342 1298 2378 esse
1322 2343 1355 2378 a

339 2403 532 2458 Perseo
544 2402 840 2457 debellatas.
860 2401 1034 2454 Aliam
1048 2399 1354 2470 opinionem

334 2480 667 2550 amplectitur
683 2477 912 2548 Paleph.
923 2479 1007 2544 32,
1024 2477 1178 2530 aliam
1194 2477 1354 2531 etiam

333 2558 573 2625 Produs,
591 2557 745 2612 aliam
763 2575 942 2610 rursus
953 2554 1215 2627 Didymus
1230 2577 1245 2620 ς
1260 2554 1353 2609 sed

332 2654 522 2690 omnes
555 2655 671 2689 rem
701 2636 1004 2703 conjectura
1028 2634 1229 2703 assequi
1251 2651 1354 2688 oo·-

333 2713 794 2767 nantur.—Sacra
810 2714 933 2767 fecit
957 2724 1173 2783 propter
1191 2712 1356 2766 victo-

333 2795 468 2848 riam
486 2834 503 2862 ,
528 2811 832 2864 quanquam
853 2805 910 2849 et
930 2795 1139 2864 nuptias
1160 2792 1247 2847 illa
1269 2811 1358 2846 an·

333 2873 578 2927 teeedere
600 2873 850 2927 solebant.
877 2872 1023 2926 Fecit
1044 2883 1224 2926 autem
1247 2873 1360 2925 Me·-

332 2971 495 3004 aervae
528 2962 583 3005 et
612 2951 865 3004 Mattio
887 2991 902 3012 ,
940 2950 1130 3019 quibus
1167 2951 1355 3005 eximie

334 3047 517 3095 carus,
543 3039 599 3081 et
619 3047 649 3082 a
672 3029 859 3096 quibus
880 3026 1090 3095 adjutus
1107 3027 1163 3080 in
1187 3046 1356 3097 expe-

336 3103 541 3159 ditione
565 3115 750 3159 contra
773 3103 1057 3158 Medusam
1073 3144 1090 3170 ,
1115 3100 1254 3174 quod
1278 3122 1358 3156 re·

331 3184 469 3253 liqui
491 3184 706 3256 mythici
723 3183 913 3237 diserte
933 3181 1358 3237 tradunt.—Fo—

331 3283 453 3326 cos,
487 3283 614 3318 aras.
625 3266 895 3317 -Daeaelet
902 3263 1051 3317 focus
1068 3263 1358 3331 assignatur

295 3403 300 3417 Ι
337 3342 617 3398 minen-m.
642 3343 880 3396 Eaenim
892 3340 1017 3394 Jovi
1038 3357 1146 3409 pra
1159 3340 1358 3393 ‹ta-,teris

333 3421 516 3475 liberis
531 3442 649 3476 cara
665 3461 680 3487 ,
705 3440 941 3477 summos
967 3420 1194 3474 honores
1216 3437 1358 3471 con-

334 3509 561 3568 sequuta
577 3511 681 3564 est;
703 3501 855 3570 eique
877 3501 1037 3555 etiam
1054 3498 1156 3552 hoc
1173 3497 1358 3551 datum

331 3589 452 3633 erat
469 3618 484 3645 ‚
521 3589 581 3633 ut
602 3597 812 3650 semper
833 3578 901 3638 ad
924 3577 1161 3631 dextram
1199 3576 1359 3645 patris

331 3655 546 3711 sederet
564 3696 580 3723 ,
613 3676 712 3710 nec
735 3674 971 3726 unquam
996 3675 1027 3707 a
1048 3654 1210 3708 latere
1245 3655 1359 3722 ejus

333 3734 646 3789 discederet.
684 3734 872 3787 Horat.
899 3734 954 3799 1,
994 3731 1103 3786 od.
1128 3748 1210 3785 811
1230 3772 1246 3799 ,
1282 3752 1317 3805 9
1342 3751 1356 3784 ε

331 3811 456 3865 vide
474 3809 763 3878 spanhem.
779 3811 843 3863 ad
864 3808 1246 3863 Callimachum
1264 3849 1280 3876 ,
1307 3809 1359 3863 h.

335 3889 589 3962 Apollod.
626 3908 756 3943 vers.
791 3910 854 3960 29
870 3927 885 3954 ,
928 3898 982 3941 et
1023 3887 1203 3942 Lavac.
1248 3888 1358 3942 Pal.

335 3988 473 4023 vers.
505 3967 614 4022 132.
652 3966 914 4020 Eamdem
939 3968 1100 4038 igitur
1123 3966 1361 4037 dignita-

338 4059 454 4101 tem
477 4046 523 4101 ei
545 4056 915 4099 concesserunt
938 4056 992 4099 et
1008 4055 1174 4115 poetae
1197 4055 1250 4098 et
1276 4063 1359 4096 ar-

337 4124 539 4188 tificem
571 4143 803 4195 namque
840 4123 1000 4178 etiam
1034 4125 1092 4177 in
1125 4124 1360 4178 nummis

1441 1300 1623 1354 multis
1637 1301 1760 1354 Jovi
1778 1306 2004 1378 σῦνθρσνος
2024 1300 2313 1356 exhibetur.
2334 1301 2459 1359 Cui·

1442 1397 1548 1447 que
1571 1378 1691 1431 Deo
1713 1388 1871 1432 certo
1887 1379 2110 1434 victima
2134 1390 2290 1434 erant
2312 1379 2464 1435 desti-

1440 1467 1601 1523 nata,
1616 1467 1672 1509 et
1690 1456 1997 1522 cavebatur,
2018 1475 2089 1511 ne
2102 1461 2275 1511 altena
2297 1461 2466 1512 hostia

1443 1535 1559 1604 quis
1571 1529 1878 1604 placaretur.
1895 1535 2033 1588 Ptin.
2049 1536 2122 1589 H.
2136 1535 2366 1604 N.v111‚
2381 1540 2460 1605 45.

1512 1611 1620 1679 755.
1644 1612 2016 1666 Andromedan.
2055 1611 2241 1667 Codex
2264 1614 2463 1685 Regius

1442 1687 1493 1740 B
1510 1726 1527 1755 ,
1554 1689 1947 1757 Ande-maden
1977 1690 2231 1744 mendose
2248 1732 2262 1753 ‚
2283 1702 2345 1745 ut
2360 1710 2468 1745 εε-

1444 1767 1561 1837 pius
1582 1767 1639 1821 in
1666 1767 1829 1822 MSS.
1855 1770 2073 1823 nomina
2095 1772 2307 1840 propria
2336 1789 2468 1825 cor-

1444 1858 1786 1915 rumpuntur.
1809 1848 1911 1900 Ed.
1933 1873 2002 1889 ·-
2024 1851 2101 1901 Et
2120 1854 2266 1901 tanti.
2293 1848 2471 1903 Hein-

1444 1925 1552 1979 sius
1574 1926 1902 1995 conjecturat
1925 1934 1985 1979 u!
2001 1931 2148 1980 lauti.
2179 1926 2332 1997 Regii
2354 1945 2473 1979 nos·

1446 2003 1517 2057 tri
1558 2003 1756 2058 habent
1791 2013 1847 2058 et
1888 2011 2034 2059 tanti.
2071 2034 2138 2046 —
2180 2004 2386 2075 Copula
2419 2012 2473 2059 e!

1447 2083 1626 2136 turbat
1647 2102 1862 2137 sensum
1879 2122 1895 2148 ‚
1931 2083 2072 2154 quod
2098 2085 2258 2138 etiam
2283 2084 2471 2138 Hein—

1447 2164 1553 2215 sius
1585 2163 1746 2217 sensit
1764 2202 1779 2229 ,
1809 2165 1899 2232 qui
1940 2183 2061 2216 eam
2093 2173 2266 2217 mutat
2297 2164 2353 2217 in
2382 2173 2468 2218 nt.

1448 2241 1542 2295 sed
1564 2242 1753 2295 melius
1786 2243 1985 2296 abesset
2003 2281 2019 2308 ,
2057 2253 2118 2296 ut
2137 2249 2348 2309 praem’a
2376 2264 2472 2314 per

1449 2320 1831 2391 appositionem
1856 2320 2097 2375 additum
2115 2334 2265 2377 esset.
2288 2350 2355 2363 -
2377 2327 2471 2377 Iu·-

1449 2405 1630 2455 dolaela
1647 2437 1662 2466 ‚
1685 2401 1799 2454 sine
1826 2418 1993 2471 regno
2008 2441 2024 2469 ‚
2047 2401 2188 2470 quod
2216 2402 2325 2457 doti
2343 2423 2469 2473 pro·-

1449 2479 1705 2533 mis'erant
1724 2490 1969 2550 parentes
1986 2520 2001 2547 ,
2020 2499 2173 2534 versu
2190 2484 2476 2550 705.-Ra-

1442 2564 1541 2626 pit.
1565 2557 1715 2612 Idem
1742 2557 1995 2612 Heinsius
2011 2578 2072 2613 ex
2089 2575 2198 2612 uno
2216 2560 2471 2614 Gronovii

1452 2646 1509 2689 et
1554 2635 1850 2690 Barberino
1891 2638 2101 2705 prefert
2146 2644 2299 2706 capit.
2348 2639 2473 2692 Non

1453 2713 1680 2767 arbitror
1696 2755 1711 2781 ,
1738 2725 1950 2784 poetam
1981 2714 2212 2768 alludere
2236 2733 2472 2769 consue-

1453 2791 1626 2846 tudini
1650 2793 1906 2847 Romane
1922 2833 1937 2860 ‚
1965 2813 2067 2862 qua
2090 2813 2229 2846 nova
2252 2803 2418 2862 nupta
2443 2812 2471 2846 e

1453 2872 1656 2942 gremio
1672 2874 1853 2927 matris
1867 2879 1986 2939 rapi
1995 2874 2476 2941 simulabatur‚quae

1452 2961 1566 3003 erat
1585 2949 1864 3005 Constant.
1883 2952 2106 3006 Fanens.
2124 2952 2330 3020 opinio;
2348 2951 2443 3005 sed
2458 2992 2472 3016 ,

1450 3030 1494 3083 si
1521 3030 1677 3085 lectio
1696 3050 1824 3085 sana
1847 3071 1862 3098 ‚
1887 3030 1988 3085 hoc
2007 3031 2228 3084 verbum
2242 3032 2391 3102 capio
2408 3030 2475 3084 de

1454 3109 1643 3164 ardore
1682 3120 1736 3164 et
1777 3109 2110 3164 festinatione
2130 3154 2145 3181 ,
2194 3130 2295 3179 qua
2329 3109 2474 3164 laetus

1454 3188 1680 3242 Perseus
1699 3227 1714 3254 ,
1739 3198 1911 3257 spreta
1934 3188 2058 3242 dote
2074 3228 2090 3253 ‚
2124 3189 2350 3258 puellam
2380 3190 2473 3259 ip·-

1452 3283 1565 3318 sam
1588 3265 1683 3319 sibi
1702 3263 1960 3330 vindicat,
1989 3275 2041 3317 et
2061 3264 2125 3317 ad
2149 3266 2349 3336 regiam
2373 3266 2477 3320 Ce-

1454 3344 1577 3415 phei
1599 3344 1759 3397 ducit.
1788 3343 1932 3395 Hine
1955 3344 2117 3396 etiam
2139 3344 2352 3399 additur
2361 3365 2477 3414 pro·

1455 3429 1593 3476 liam
1615 3430 1670 3473 et
1690 3421 1940 3473 tisdolala.

1523 3501 1634 3568 758.
1657 3501 1975 3565 Pmct'paelsnl.
2013 3495 2263 3552 Heinsius
2287 3518 2316 3552 e
2340 3498 2476 3552 Flo-

1455 3579 1670 3644 rentino
1692 3578 1747 3631 S.
1773 3576 1941 3630 Marci
1975 3588 2245 3648 receperat
2267 3597 2476 3645 pmcn-

1456 3662 1616 3721 ment,-
1650 3656 1806 3725 vulgo
1843 3655 2113 3725 legebatur
2137 3660 2436 3724 praefiniunt
2453 3696 2467 3719 ,

1458 3734 1602 3804 quod
1627 3733 1824 3789 habent
1845 3753 2054 3803 quoque
2085 3735 2251 3788 nostri
2287 3733 2438 3804 Regii
2460 3773 2476 3798 ,

1457 3826 1512 3869 et
1544 3814 1933 3868 restituendum
1958 3814 2288 3873 censuimmz
2314 3832 2439 3868 narn
2458 3853 2475 3878 ‚

1457 3909 1582 3961 pace
1614 3891 1970 3944 recentiorum
2005 3890 2240 3957 dicatur,
2267 3909 2475 3958 preca-

1455 3975 1591 4021 liunt
1610 3980 1687 4024 est
1722 3988 1819 4022 vox
1848 3970 2065 4023 barbara
2100 3970 2248 4037 cujus
2285 3987 2476 4022 exem·-

1456 4046 1604 4116 plum
1641 4046 1847 4101 nullum
1884 4049 1938 4099 in
1983 4047 2277 4100 auctoribus
2310 4064 2474 4114 repe-

1456 4126 1624 4190 ritum
1644 4144 1809 4196 quare
1825 4131 2059 4194 pretulit
2086 4124 2228 4195 quod
2252 4123 2393 4178 vides
2416 4122 2471 4172 in
