2975 4784
467 364 564 450 44

1031 362 1111 432 Ρ.
1179 366 1533 435 OVIDII
1603 363 2057 435 NASONIS

471 505 826 607 Adspirate
861 506 1058 593 meis,
1093 506 1434 608 primaque
1466 507 1551 581 ab
1587 507 1844 603 origine
1879 505 2114 580 mundi

475 620 587 694 Ad
617 649 760 695 mea
794 638 1193 722 perpetuum
1229 621 1532 697 deducite
1570 640 1870 723 tempora
1905 647 2185 695 carmen.

576 738 631 808 1.
661 738 891 823 ANTE,
926 764 1104 811 mare
1138 755 1207 811 et
1240 736 1437 811 tellus
1473 755 1540 811 et
1572 737 1757 839 quod
1794 738 1961 833 tegit
1994 736 2220 810 omnia
2252 733 2522 825 caelum,
2577 759 2610 809 5

475 925 761 996 doquidem
777 947 869 983 vos
888 948 999 983 non
1018 929 1179 983 modo
1197 940 1384 984 cetera
1406 949 1498 982 re-

478 1003 594 1072 gitis
613 1043 628 1070 ‚
653 1024 841 1060 verum
862 1013 1015 1060 eliam
1039 1009 1233 1060 formas
1253 1006 1361 1060 illas
1383 1026 1496 1059 mu·

478 1085 621 1139 tastis
637 1124 652 1151 ,
682 1106 809 1155 quas
830 1107 930 1159 ego
953 1087 1056 1141 hoc
1073 1088 1307 1141 carmine
1326 1105 1496 1155 perse·

481 1181 627 1231 quar.
649 1163 752 1217 Cui
763 1165 862 1220 boc
875 1165 1111 1235 displicet
1125 1205 1141 1231 ,
1158 1167 1200 1218 is
1216 1185 1244 1218 e
1262 1165 1498 1219 lectionis

476 1241 726 1295 varietate
745 1245 984 1312 preferat
992 1246 1206 1297 easdem,
1220 1244 1345 1296 Non
1359 1243 1497 1296 bene

479 1321 741 1390 Koeppen.
756 1322 1213 1390 namelconjunxit
1233 1332 1387 1390 atque
1405 1340 1501 1390 per

474 1404 656 1454 etenim
677 1399 935 1468 explicuit.
952 1427 1020 1440 -
1046 1402 1163 1459 Vos,
1189 1400 1353 1453 Palat.
1373 1400 1500 1455 Bar·

482 1496 603 1547 neg.
630 1495 767 1529 uuus
790 1477 950 1529 Ham.
978 1497 1008 1530 a
1030 1496 1101 1530 m.
1123 1497 1200 1547 pr.
1222 1488 1276 1530 et
1295 1476 1501 1531 schedae

482 1553 672 1616 Leod.‚
699 1556 812 1617 D1·‚·
840 1573 957 1623 quae
975 1556 1219 1625 repetitio
1242 1555 1500 1608 concinna

482 1632 705 1685 Heinsio
716 1630 993 1684 videbatur
1005 1643 1060 1685 et
1071 1651 1287 1685 nervosa
1302 1652 1316 1685 ι
1333 1633 1502 1685 immo

481 1709 661 1777 inepta
682 1709 833 1760 soret.
855 1708 1038 1761 Potius
1057 1716 1250 1760 mutare
1262 1708 1502 1761 consulto

482 1805 540 1838 re
545 1786 1053 1854 petitum.l)iiameu
1066 1784 1501 1840 deditMitscherl.

486 1891 553 1903 -
584 1864 659 1915 Et
677 1866 813 1915 illas.
849 1861 1023 1916 Codd.
1045 1864 1260 1934 quidam
1285 1866 1503 1917 easdem.

488 1942 739 1997 Francius
762 1962 949 2014 parum
972 1945 1191 1997 feliciter
1218 1944 1356 2012 conj.
1383 1963 1395 1997 ε
1420 1943 1504 1996 vel

483 2039 602 2072 nam
624 2039 716 2072 vos
731 2027 968 2073 mutastis
987 2026 1041 2074 in
1054 2025 1151 2075 illa
1160 2062 1174 2083 ,
1200 2020 1512 2089 velorumque

491 2099 589 2152 has
607 2104 845 2152 mutasttls
864 2104 918 2153 ite
939 2103 1047 2152 illa.

557 2177 604 2229 3.
620 2178 896 2245 Adspirate
907 2182 1045 2230 meis.
1061 2175 1255 2231 Adeste
1273 2215 1289 2244 ,
1307 2177 1476 2230 favete
1495 2196 1509 2240 ς

494 2254 804 2324 metaphora
838 2267 1044 2326 sumpta
1082 2276 1111 2309 a
1150 2254 1515 2326 navigantibus

497 2333 685 2401 quibus
718 2346 879 2388 vento
915 2335 1210 2405 adspirante
1246 2354 1378 2404 opus
1421 2343 1515 2387 est.

500 2413 633 2467 Haec
650 2414 911 2468 invocatio
935 2434 1123 2484 parum
1150 2414 1397 2468 solemnis
1420 2432 1518 2482 pro

500 2501 650 2545 tanto
668 2503 722 2545 et
746 2502 855 2545 tam
875 2493 1014 2563 gravi
1033 2512 1209 2563 opere.
1222 2491 1370 2562 Virg.
1390 2491 1518 2545 AEn.

498 2569 587 2622 lib.
612 2570 710 2636 lx,
730 2573 854 2624 525:
881 2574 1000 2643 Vos,
1016 2590 1049 2623 o
1068 2573 1304 2637 Calliope,
1318 2589 1511 2637 precor,

498 2651 757 2715 adspirate
766 2653 982 2703 canenti.
1002 2647 1102 2701 Ed.
1111 2652 1444 2715 —Pre'maque
1454 2651 1522 2699 ab

501 2731 690 2793 origine
713 2729 899 2779 mundi.
931 2726 1057 2779 Post
1087 2725 1294 2777 Lucret.
1325 2723 1525 2794 phrasis

501 2805 613 2858 sere
636 2805 883 2859 solemnis
905 2805 961 2858 in
983 2804 1151 2858 haere
1169 2822 1183 2856 :
1200 2801 1302 2856 vid.
1320 2801 1522 2856 Ciosan.

506 2881 656 2935 Beue
676 2894 730 2936 et
748 2884 1005 2937 ambitum
1022 2882 1193 2952 operis
1208 2891 1263 2934 et
1278 2889 1524 2934 naturam

508 2963 775 3029 propriam
801 2962 856 3015 in
880 2962 1061 3015 limine
1085 2961 1295 3014 indicat.

577 3039 628 3103 4.
642 3041 950 3105 Perpetuam.
967 3039 1139 3093 codd.
1155 3037 1399 3092 nonnulli
1415 3056 1531 3091 con·

509 3119 726 3177 minum,
756 3116 1085 3186 improbante
1101 3118 1285 3172 Burm.
1310 3116 1533 3171 Utrum·

516 3214 618 3265 que
641 3193 832 3248 eodem
854 3195 1004 3249 redit.
1030 3197 1207 3251 Etiam
1227 3196 1364 3251 Plin.
1388 3195 1527 3259 vn,

518 3273 616 3343 Ep.
636 3289 694 3326 lx
709 3312 724 3341 ,
742 3293 776 3347 9
789 3312 804 3339 ‚
828 3278 1112 3326 continuum
1124 3294 1323 3328 carmen
1341 3273 1532 3328 eodem

514 3370 688 3406 sensu.
711 3350 797 3404 Ad
818 3362 1066 3404 naturam
1080 3354 1252 3422 operis
1271 3354 1536 3408 declaran-

520 3428 642 3482 dam
668 3429 931 3484 delectum
947 3439 1024 3481 est
1041 3430 1352 3485 vocabulum
1369 3471 1385 3498 ‚
1402 3452 1535 3500 per-

512 3514 720 3575 petuam
736 3548 748 3569 ‚
779 3524 890 3560 non
908 3507 1263 3578 interruptum
1283 3549 1298 3575 ‚
1325 3529 1431 3562 una
1452 3529 1540 3563 se-

517 3585 595 3638 rie
612 3604 953 3655 procurrens;
971 3597 1031 3639 ut
1047 3585 1182 3657 apud
1201 3587 1307 3641 Cic.
1322 3587 1476 3641 Verr.
1488 3588 1536 3655 1,

522 3664 554 3729 4
572 3703 587 3730 ,
620 3671 861 3730 perpetua
879 3669 1042 3717 oratio
1058 3704 1072 3725 ‚
1113 3673 1167 3716 et
1192 3663 1289 3717 Or.
1317 3663 1371 3716 Π
1391 3702 1406 3729 ,
1439 3666 1502 3730 54
1520 3703 1535 3731 ,

521 3744 766 3794 semone‘s
771 3744 1093 3807 perpetuitas.
1107 3740 1251 3809 Ergo
1251 3747 1542 3807 perpetuum

523 3839 721 3873 cannen
736 3859 751 3883 ‚
798 3819 853 3872 in
898 3837 1005 3889 quo
1042 3817 1229 3871 sabulae
1264 3837 1450 3871 omnes
1484 3821 1542 3872 iu

529 3900 684 3954 unius
716 3897 949 3968 corporis
988 3896 1213 3966 speciem
1247 3898 1545 3965 conjunctae

527 3988 653 4032 sunt
670 3997 682 4032 ε
695 3997 723 4031 a
740 3996 843 4047 qua
854 3975 1047 4029 virtute
1064 3973 1275 4027 laudem
1287 3974 1548 4043 insignem

533 4057 756 4111 Ovidius
790 4055 998 4110 meruit.
1041 4051 1212 4106 Simili
1244 4052 1355 4106 fere
1384 4050 1547 4105 modo

1590 936 1963 997 miaeepeepeluo
1970 933 2232 989 celebrate,
2252 948 2439 983 omnes
2454 929 2616 984 Athe·

1591 1026 1781 1061 narum
1801 1006 1979 1061 laudes
1997 1009 2136 1075 iusto
2152 1006 2340 1060 ordine
2354 1009 2614 1077 persequi.

1592 1114 1658 1126 —
1670 1088 1945 1147 Desinite,
1970 1084 2094 1138 inde
2110 1085 2174 1138 ab
2193 1085 2344 1138 initio
2363 1104 2528 1155 usque
2547 1084 2615 1137 ad

1595 1165 1759 1218 linem
1785 1163 1917 1216 mihi
1940 1163 2187 1217 scribenti
2211 1161 2404 1217 adeste.
2439 1163 2614 1216 Ducta

1595 1253 1673 1296 est
1701 1241 2009 1311 metaphora
2041 1260 2070 1293 a
2103 1239 2331 1293 lanificio
2348 1280 2369 1307 ,
2401 1241 2496 1294 ubi
2528 1240 2617 1293 fila

1593 1323 1905 1374 deducuntur
1922 1336 2019 1388 per
2039 1316 2213 1371 radios
2225 1360 2238 1377 .
2264 1318 2366 1384 IV,
2383 1318 2462 1371 36.
2489 1318 2619 1373 Usi-

1595 1409 1767 1452 tatum
1786 1408 1966 1450 autem
1984 1406 2064 1450 est
2081 1435 2096 1460 ,
2122 1394 2386 1449 scribendi
2402 1414 2617 1466 operam

1595 1495 1719 1532 cum
1744 1485 1946 1529 textura
1970 1484 2024 1526 et
2040 1472 2268 1526 lanificio
2292 1493 2616 1544 comparare.

1598 1553 1722 1607 Vid.
1738 1553 1924 1607 Burm.
1943 1550 2008 1604 ad
2036 1550 2156 1603 Am.
2179 1550 2205 1603 l
2226 1589 2242 1618 ,
2265 1553 2327 1617 ιζ
2344 1590 2360 1617 ,
2388 1572 2433 1622 7.
2456 1552 2618 1607 Poeta

1596 1635 2202 1700 deduce'targumentum,
2220 1647 2386 1698 quum
2403 1629 2456 1682 id
2470 1639 2618 1683 trac-

1597 1719 1674 1761 tat
1688 1708 1750 1760 ab
1763 1707 1914 1760 initio
1933 1725 2095 1776 usque
2117 1705 2181 1758 ad
2197 1705 2362 1759 finem
2371 1706 2530 1760 Trist.
2543 1706 2619 1772 11,

1601 1786 1728 1839 550:
1753 1789 1813 1838 In
1830 1792 1919 1838 lua
1937 1789 2131 1838 deduxi
2141 1793 2364 1853 tempora
2380 1826 2393 1848 ,
2416 1788 2619 1848 Cesar,

1599 1887 1736 1936 opus.
1758 1866 1866 1921 Sed
1886 1885 2032 1920 nunc
2047 1865 2283 1921 modeste
2305 1865 2622 1919 translatum

1604 1944 1668 1998 ad
1685 1944 1842 1997 Deos.
1864 1945 2161 1997 —Admea
2181 1951 2409 2010 tempora.
2434 1941 2622 2011 Usque

1607 2020 1672 2074 ad
1699 2031 1907 2075 aetatem
1927 2063 1940 2082 ,
1981 2020 2046 2073 ad
2073 2021 2382 2074 memoriam
2406 2037 2586 2072 meam
2611 2035 2625 2070 :

1608 2100 1674 2154 ad
1717 2101 2033 2172 principium
2075 2100 2268 2154 scilicet
2318 2097 2626 2168 imperantis

1611 2179 1849 2250 Augusti.
1864 2182 1962 2232 Ed.
1975 2207 2042 2218 —
2057 2176 2328 2231 Ceterum
2337 2176 2440 2230 hoc
2454 2185 2627 2229 totum

1610 2258 1885 2311 exordium
1900 2256 2032 2311 adeo
2050 2256 2352 2327 displicebat
2364 2256 2627 2327 Scaligero

1611 2349 1750 2410 poet.
1761 2339 1847 2392 lib.
1862 2338 1963 2405 v1,
1980 2359 2093 2409 pag.
2106 2338 2220 2399 862.
2238 2347 2297 2390 ut
2310 2337 2419 2407 ipse
2431 2354 2629 2389 novum

1610 2416 1947 2471 substitueret
1960 2457 1974 2484 ,
1997 2414 2086 2470 sed
2104 2416 2268 2469 invita
2279 2414 2526 2468 Minerva
2547 2437 2562 2477 ;
2579 2423 2632 2466 et

1614 2501 1933 2571 gravissimas
1968 2497 2278 2554 temeritatis
2317 2516 2426 2550 suae
2456 2515 2633 2567 poenas

1616 2576 1760 2631 dedit
1782 2588 1898 2630 tum
1917 2576 2025 2629 aliis
2044 2615 2059 2642 ,
2080 2587 2195 2629 tum
2215 2573 2556 2643 Caposerreo.

1683 2658 1729 2709 5.
1745 2657 1881 2725 Aule
1893 2695 1908 2717 ,
1931 2673 2068 2706 mare
2081 2661 2135 2706 et
2149 2656 2299 2705 tellus
2322 2663 2421 2705 etc.
2440 2653 2636 2704 Oratio

1617 2735 1813 2795 mundi,
1838 2729 2275 2800 metamorphosis
2284 2729 2526 2782 omnium
2539 2727 2638 2797 pri·

1618 2826 1708 2860 ma
1735 2847 1750 2874 ,
1809 2807 2101 2877 eademque
2141 2807 2456 2877 gravissima.
2502 2805 2638 2859 Am-

1619 2884 1797 2955 plexus
1811 2897 1988 2939 autem
2004 2896 2082 2939 est
2097 2895 2252 2955 poeta
2269 2925 2283 2952 ,
2302 2903 2503 2954 suoque
2520 2901 2641 2935 mo·-

1622 2963 1693 3016 do
1719 2964 1986 3016 exornavit
2007 2963 2358 3029 sententiam,
2386 2981 2504 3031 qua
2532 2962 2642 3031 jam

1623 3040 1750 3093 olim
1786 3041 1956 3094 suerat
1997 3040 2385 3112 AEgyptiorum.
2428 3040 2641 3092 Horum

1624 3118 1770 3171 enim
1796 3118 1850 3170 in
1878 3118 2015 3172 scitis
2048 3128 2193 3183 erat,
2236 3128 2449 3171 auctore
2486 3116 2642 3186 Diog-

1625 3196 1797 3248 Latii-t.
1825 3214 2042 3266 prooem.
2067 3216 2107 3249 s.
2134 3214 2193 3249 ιο
2211 3235 2226 3263 ,
2255 3196 2406 3272 &exin
2424 3198 2543 3251 εἶναι
2564 3204 2645 3257 τὴν

1628 3281 1737 3337 ὕλην
1753 3314 1770 3340 ,
1798 3282 1896 3329 εἶτα
1918 3278 1980 3329 τὰ
2001 3278 2200 3350 τίσσαρα
2220 3286 2405 3342 euzae:
2433 3277 2482 3343 ἕξ
2509 3278 2647 3334 etit-55

1631 3362 1960 3433 &emptas-m,
1990 3363 2070 3409 καὶ
2091 3356 2191 3418 ζῶσί
2214 3378 2318 3410 τινα
2344 3355 2650 3425 &qi-arthesi-

1627 3460 1703 3489 ναι
1730 3455 1744 3488 :
1773 3453 1933 3504 quam
1960 3436 2282 3488 sententiam
2308 3434 2461 3490 latius
2484 3433 2651 3505 expli-

1630 3523 1712 3566 cat
1736 3511 1957 3565 Diodor.
1982 3512 2084 3566 Sic.
2113 3512 2269 3567 Tom.
2293 3513 2353 3579 Ι,
2380 3533 2429 3583 p.
2453 3528 2528 3580 11,
2561 3512 2653 3565 ubi

1631 3591 1799 3644 multa
1814 3600 1869 3643 et
1887 3589 1968 3643 his
1987 3590 2180 3645 nostris
2194 3630 2211 3659 ,
2237 3602 2290 3645 et
2306 3591 2366 3644 iis
2385 3630 2402 3658 ‚
2426 3610 2547 3660 quae
2567 3590 2655 3643 in-

1633 3672 1738 3733 fra,
1752 3688 1885 3722 vers.
1902 3669 2000 3734 4ιὸ
2014 3687 2126 3738 sqq.
2138 3710 2151 3733 ,
2171 3668 2475 3735 traduntur,
2493 3686 2654 3739 quam

1633 3746 1894 3802 simillima
1911 3786 1928 3812 ,
1953 3746 2052 3801 nisi
2079 3746 2221 3815 quod
2245 3746 2317 3800 ibi
2341 3746 2522 3799 onmia
2543 3747 2656 3800 sine

1635 3825 1942 3879 interventu
1966 3835 2022 3879 et
2045 3844 2205 3895 opera
2228 3823 2334 3878 Dei
2351 3865 2366 3892 ‚
2406 3825 2525 3879 solis
2559 3844 2660 3880 na-

1637 3915 1769 3959 turae
1777 3904 1977 3976 legibus
1990 3905 2355 3975 perficiuntur.
2364 3906 2562 3959 Noster
2575 3924 2664 3958 au·

1639 3990 1749 4034 tem
1774 3983 1943 4035 multo
1964 3982 2141 4035 sanior
2165 4001 2288 4036 cum
2310 3981 2666 4052 prestantissi-

1638 4059 1739 4112 mis
1754 4059 1970 4113 Graeciae
1987 4059 2305 4130 philosophis
2322 4059 2570 4130 opificem
2589 4079 2665 4121 sa·

532 4136 721 4192 Horat.
748 4138 773 4191 1
787 4177 802 4205 ‚
826 4135 934 4192 Od.
956 4151 1038 4191 vn
1060 4174 1076 4203 ,
1101 4132 1166 4202 5⁶:
1185 4130 1419 4188 Athenas
1443 4152 1550 4186 car·
1641 4134 1877 4203 pientem
1893 4135 2124 4203 adhibet,
2139 4136 2665 4206 cujusviacnumine
