2975 4784
446 386 571 455 166

998 385 1078 448 P.
1128 379 1483 450 OVIDII
1525 377 1975 448 NASONIS

431 523 909 627 opposuitque
942 549 1212 596 manum
1245 519 1484 608 fronti;
1525 547 1898 620 magnoque
1934 534 2212 591 tremore

429 642 676 717 Omnia
710 639 1094 713 concutiens
1128 637 1401 740 paulum
1433 636 1775 723 subsedit;
1808 654 1876 710 et
1908 634 2113 724 infra,

429 759 652 855 Quam
685 753 856 830 solet
888 783 1061 844 esse,
1097 753 1255 842 fuit;
1295 753 1595 854 siccaque
1631 752 1723 825 ita
1757 779 1923 825 voce
1954 748 2178 824 locuta
2214 766 2359 823 est:

434 905 469 936 «
511 873 582 945 Si
613 870 831 973 placet
861 872 1025 959 hoc,
1060 871 1434 972 meruique,
1472 869 1666 971 quid,
1704 897 1779 954 o,
1817 886 1932 942 tua
1952 865 2235 941 fulmina
2258 883 2556 954 cessant,

432 1022 470 1057 »
512 990 778 1064 Summe
809 989 1076 1062 Deum?
1104 987 1299 1063 liceat
1330 988 1642 1089 periturae
1674 984 1930 1060 viribus
1965 983 2141 1079 ignis
2166 1039 2186 1073 ,

2460 1009 2563 1061 280

434 1139 469 1171 »
510 1108 674 1201 Igne
710 1106 924 1206 perire
961 1122 1121 1192 tuo;
1156 1104 1538 1205 clademque
1569 1120 1832 1180 auctore
1868 1100 2102 1176 levare.

428 1255 469 1289 2>
508 1223 638 1295 Vix
675 1222 981 1323 equidem
1012 1221 1233 1296 fauces
1264 1221 1402 1296 haec
1436 1222 1584 1322 ipsa
1614 1221 1686 1295 in
1718 1220 1920 1295 verba
1951 1216 2246 1305 resolvo,

432 1371 466 1403 ι)
510 1339 891 1434 (Presserat
927 1367 1044 1412 ora
1078 1342 1330 1439 vapor)
1368 1354 1586 1412 tostos
1622 1365 1705 1411 en
1740 1335 2006 1437 adspice
2033 1336 2247 1408 crines
2270 1390 2289 1422 ,

431 1487 466 1518 >³
507 1456 719 1555 Inque
754 1453 965 1529 oculis
1001 1471 1285 1544 tantum,
1325 1471 1583 1529 tantum
1618 1481 1819 1555 super
1854 1481 1970 1526 ora
2004 1449 2257 1526 favillae.

423 1645 608 1700 Terre
635 1645 760 1697 Jovi
781 1645 1144 1715 supplicantis,
1181 1657 1243 1701 ut
1259 1666 1290 1700 e
1313 1645 1440 1702 celo

421 1722 650 1777 imbrem
674 1722 930 1776 demittat.
954 1746 981 1770 ιι
1005 1725 1106 1776 Ed.

488 1801 597 1869 276.
629 1802 966 1869 opposuitque
979 1811 1077 1855 etc.
1093 1800 1248 1856 Silius
1267 1801 1406 1855 XIII
1420 1839 1436 1867 ,

421 1879 514 1945 341
538 1896 551 1930 ε
569 1879 953 1948 Oblcadensque
961 1899 1163 1933 manum
1174 1879 1340 1934 solem
1354 1880 1436 1933 in·

422 1957 708 2009 fervescere
742 1956 905 2010 fronti
931 1957 1109 2011 Arcet.

485 2036 599 2124 278:
617 2035 766 2087 Sicca
780 2054 894 2088 vox.
923 2035 1065 2104 Qua
1088 2034 1233 2089 venit
1252 2054 1281 2088 e
1306 2044 1438 2105 gut-

417 2123 537 2165 ture
559 2112 709 2166 sicco.
737 2113 859 2167 Hoc
881 2125 936 2168 et
959 2113 1123 2184 magis
1142 2113 1435 2184 poeticum,

418 2202 474 2244 et
505 2190 627 2246 huic
662 2192 776 2246 loco
807 2192 1005 2263 aptius,
1045 2211 1207 2262 quam
1246 2191 1441 2262 vulgat

417 2290 660 2339 sacraque
701 2290 714 2324 :
757 2271 842 2338 X,
879 2273 1017 2336 663,
1058 2276 1237 2327 andus
1269 2275 1440 2326 anbe-

414 2353 552 2402 Ie'tus.
562 2350 877 2419 —Siccaque
898 2361 1061 2405 exstat
1084 2351 1301 2420 quidem
1325 2369 1437 2403 non

418 2426 517 2481 nisi
550 2426 611 2481 in
635 2427 825 2482 Urbin.
852 2438 907 2482 et
932 2448 1041 2482 uno
1068 2427 1275 2484 Ciosan.
1292 2469 1309 2496 ,
1345 2429 1439 2483 sed

415 2516 558 2561 recte
576 2518 850 2576 receptum
866 2508 930 2562 ab
948 2508 1135 2562 Heius.
1145 2527 1245 2579 pro
1261 2528 1438 2564 sacra-

415 2605 522 2654 que.
554 2613 626 2627 -
650 2586 829 2642 Nostri
865 2586 1035 2641 Codd.
1069 2607 1345 2657 sacraque,
1383 2599 1439 2642 et

415 2666 591 2720 forsan
628 2668 679 2719 τὸ
709 2669 852 2718 sicca
889 2665 952 2719 ab
983 2665 1200 2737 ingenio
1239 2684 1437 2720 recen-

420 2742 616 2795 tiorum
641 2742 1002 2812 proficiscitur.

484 2841 596 2894 279·
617 2823 856 2888 Siplace!
864 2824 973 2874 hoc.
991 2821 1114 2874 Non
1138 2819 1438 2890 suppliciter

418 2910 568 2967 orat,
593 2899 686 2954 sed
715 2910 825 2953 tota
846 2908 925 2953 est
946 2898 1002 2951 in
1027 2897 1338 2969 indignitate
1358 2898 1437 2951 rei

420 2977 831 3034 demonstranda
870 2976 1121 3046 Jovisque
1163 2976 1437 3046 negligen-

417 3056 487 3108 tia
501 3056 805 3110 incusanda.
825 3057 969 3109 Inest
985 3054 1233 3125 equabile
1252 3065 1306 3109 et
1321 3074 1439 3125 gra·

418 3141 535 3186 tum
568 3132 818 3186 orationis
850 3133 1070 3188 flumen.
1109 3132 1243 3187 Hac
1276 3151 1437 3186 com-

419 3220 644 3280 pensant
677 3209 936 3266 luxuriem
958 3210 1190 3284 ingenii,
1228 3229 1345 3281 quae
1379 3209 1435 3264 in

416 3288 770 3361 superioribus
786 3289 1056 3361 aliquoties
1068 3291 1313 3348 ostendit.
1324 3291 1438 3344 Pri·

418 3370 689 3433 ma‚verba
716 3370 861 3439 quasi
883 3371 1234 3441 captationem
1259 3370 1436 3423 bene-

417 3445 659 3502 volentia
689 3447 956 3518 quandam
980 3447 1281 3502 habent.--
1309 3448 1438 3500 Me-

414 3528 517 3578 ren'
535 3525 675 3580 malo
702 3545 860 3582 sensu
883 3544 983 3597 pro
994 3545 1229 3594 peccare.
1276 3524 1437 3580 etiam

421 3620 557 3674 ²9¹²
545 3601 700 3658 ,vide
730 3604 930 3677 Heynii
947 3603 1356 3658 Observationes
1370 3602 1436 3658 ad

420 3678 595 3733 Tibul.
623 3678 705 3741 ΙΙ,
750 3696 830 3747 lv,
861 3688 906 3737 5.
927 3707 994 3721 ·-
1029 3684 1172 3734 Vires
1205 3700 1341 3752 sepe
1383 3692 1439 3735 et

414 3757 524 3828 igni
550 3720 857 3816 tribuunttir
880 3770 935 3815 et
967 3778 1064 3829 pro
1092 3761 1299 3831 ignibus
1327 3778 1437 3830 po-

415 3849 656 3894 nuntur·
644 3877 656 3890 .
683 3836 793 3891 Vll
808 3877 826 3904 ,
854 3839 913 3892 81
933 3877 949 3904 ,
971 3838 1190 3892 scintilla
1219 3845 1277 3892 in
1292 3844 1437 3890 vete-

416 3938 497 3972 res
515 3921 699 3972 cresci!
725 3921 891 3983 υἷι-ης
920 3917 1089 3982 ΧΙΙΙ,
1117 3917 1215 3970 868
1232 3955 1247 3983 ,
1274 3916 1442 3970 AEtua

416 4015 530 4051 cum
566 4001 675 4051 suis·
702 3998 908 4050 m‘n'baes.
947 3993 1093 4049 Hinc
1127 3992 1181 4048 h.
1215 3994 1249 4046 1.
1285 3993 1438 4064 peri-

422 4078 638 4147 phrasin
677 4075 831 4143 facit,
871 4085 934 4129 ut
965 4072 1135 4138 XIV,
1180 4076 1310 4143 274,
1357 4077 1440 4126 vis

416 4163 549 4211 meri.
566 4156 770 4213 Similia
792 4154 927 4228 apud
953 4153 1440 4210 Grecos-Clades

1535 1649 1754 1707 leuatur,
1793 1642 2110 1699 tolerabilior
2130 1640 2373 1696 redditur
2391 1680 2409 1708 ,
2440 1661 2563 1695 anc-

1533 1732 1664 1788 tore,
1704 1723 1916 1794 quando
1950 1734 2041 1776 aut
2065 1742 2096 1775 a
2118 1740 2315 1792 magno
2345 1732 2400 1774 et
2426 1720 2560 1774 illu-

1531 1803 1624 1855 stri
1641 1803 1755 1856 viro
1769 1842 1784 1868 ,
1799 1813 1890 1855 aut
1905 1841 1921 1867 ,
1939 1811 2002 1853 ut
2018 1800 2273 1866 hocloco,
2291 1818 2322 1852 a
2338 1799 2462 1852 Deo
2481 1799 2560 1851 in-

1533 1883 1717 1934 sertur.
1736 1880 1931 1935 Bona.
1951 1881 2167 1940 heare,
2193 1877 2442 1931 minuere
2457 1915 2475 1944 ,
2501 1887 2563 1930 ut

1538 1960 1623 2014 111
1637 1998 1654 2026 ,
1678 1960 1789 2013 338.

1605 2037 1715 2090 283.
1762 2038 1960 2089 Toslos.
2017 2033 2202 2088 Codex
2246 2033 2446 2104 Regius
2493 2033 2559 2087 B.

1534 2123 1770 2178 nostram
1799 2134 1832 2168 e
1857 2114 2020 2185 glossa
2038 2113 2192 2167 sorte.

1603 2197 1716 2262 284.
1735 2197 1891 2264 Inque
1907 2197 2068 2247 ocule}
2091 2203 2189 2246 etc.
2213 2191 2294 2246 Ita
2307 2201 2452 2245 recte
2475 2211 2562 2246 ve-

1536 2273 1797 2328 tustiores.
1824 2272 1974 2327 Olim
1992 2270 2248 2325 edebatur
2263 2271 2422 2338 Inque
2439 2290 2562 2324 ocn-

1517 2352 1802 2421 -lissmnum
1815 2372 1832 2404 :
1845 2355 2066 2406 volitent
2080 2369 2332 2418 superam
2337 2349 2561 2416 saville.

1536 2431 1748 2484 Verum
1774 2429 1840 2483 de
1860 2430 2012 2497 fumo
2042 2429 2098 2482 in
2132 2438 2280 2481 tanto
2307 2427 2453 2482 malo
2475 2427 2560 2480 vix

1536 2519 1718 2577 questa
1737 2518 1871 2561 esset
1887 2506 2081 2560 Tellus.
2104 2505 2355 2559 Heinsius
2376 2504 2563 2560 suade·

1533 2585 1654 2652 bat,
1679 2588 1835 2654 Inque
1850 2588 2012 2638 oculis
2021 2584 2170 2651 sum‘
2183 2589 2379 2636 tautum
2394 2623 2409 2644 ‚
2443 2590 2566 2636 Ian-

1533 2672 1731 2734 !unsqne
1740 2665 1956 2735 saae'llae.
1999 2664 2137 2718 Satis
2167 2681 2364 2732 aspere.
2397 2663 2567 2718 Nem·

1535 2765 1599 2814 pe
1618 2744 1701 2798 ille
1721 2765 1814 2798 ora
1829 2745 1966 2798 serre
1991 2742 2204 2797 nolebat
2220 2782 2236 2811 ,
2267 2742 2390 2812 quia
2412 2742 2562 2797 idem

1534 2821 1852 2878 vocabulum
1891 2821 2163 2893 prooessit.
2217 2824 2293 2875 At
2330 2821 2564 2877 Ovidius

1534 2900 1723 2956 millies
1738 2900 1877 2952 intra
1894 2917 2085 2968 paucos
2108 2917 2287 2952 versus
2305 2897 2448 2952 idem
2469 2917 2563 2951 vo-

1533 2977 1780 3036 cabulum
1810 2977 2017 3046 repetit.
2054 3005 2121 3020 --
2145 2976 2253 3029 Hic
2275 2995 2456 3030 versus
2481 2977 2562 3032 ita

1532 3053 1724 3126 legitur
1758 3054 1816 3107 in
1858 3053 2057 3108 Codice
2088 3053 2256 3123 Regio
2280 3052 2326 3105 B
2355 3072 2367 3106 τ
2398 3055 2563 3123 Inque

1531 3138 1693 3188 oculis
1716 3141 1911 3190 tantum
1927 3174 1941 3194 ,
1978 3139 2171 3187 lantum
2197 3139 2278 3185 est
2293 3151 2447 3200 snper
2464 3154 2564 3188 om

1519 3213 1755 3282 saville3
1795 3214 1853 3267 in
1892 3211 2090 3267 Codice
2127 3212 2176 3266 A
2201 3214 2394 3281 :Inque
2429 3219 2562 3269 meir

1533 3293 1695 3347 ocultlc
1723 3302 1822 3346 etc.
1846 3289 2047 3345 Insulse
2076 3313 2090 3354 ς
2123 3298 2333 3360 praestat
2373 3302 2563 3347 nostra

1533 3369 1705 3424 lectio.
1730 3373 1829 3424 Ed.
1849 3398 1916 3412 —
1938 3371 2161 3424 Adunci.
2181 3369 2344 3424 Multi
2362 3409 2378 3437 ,
2399 3377 2560 3427 cmi.

1535 3450 1713 3505 Nostri
1752 3462 1933 3505 autem
1970 3448 2195 3505 Codices
2215 3490 2231 3517 ,
2264 3453 2471 3506 admi.
2492 3481 2563 3496 —

1533 3556 1600 3567 -
1621 3531 1899 3582 Presserat.
1934 3530 2186 3591 premere,
2219 3528 2526 3598 opprimere
2541 3570 2559 3599 ,

1532 3603 1792 3660 claudere.
1827 3604 2074 3674 Virgilius
2104 3605 2231 3659 AEn.
2264 3606 2346 3659 Vl
2364 3645 2381 3673 ‚
2423 3611 2520 3661 155
2546 3624 2564 3659 ε

1523 3702 1796 3759 pressoqqe
1818 3688 2064 3739 obmutui!
2082 3705 2183 3740 ore.
2208 3686 2452 3742 Multum
2473 3708 2563 3743 va·

1533 3760 1608 3816 let
1631 3761 1696 3818 ad
1721 3762 2014 3818 movendos
2033 3763 2191 3831 alios,
2215 3765 2259 3819 si
2275 3804 2291 3832 ,
2324 3785 2443 3835 quoe
2461 3766 2559 3820 di-

1533 3839 1733 3908 cimus,
1758 3861 1946 3896 eorum
1970 3841 2131 3900 oculis
2148 3843 2408 3913 subjicere
2434 3863 2562 3915 pos-

1532 3936 1730 3971 sumus.
1778 3918 1924 3973 Hinc
1952 3939 2015 3973 en
2051 3924 2291 3989 adspice,
2333 3930 2389 3975 et
2428 3940 2557 3975 mox

1535 3999 1856 4065 ct'rcumspaeke
1879 4039 1892 4062 ,
1938 4008 2095 4067 atque
2128 4019 2193 4052 en
2217 4001 2391 4055 Atlas.
2429 4000 2557 4054 Non

1532 4080 1715 4130 emeris
1725 4076 1870 4145 dicit,
1880 4077 1991 4144 sed,
2008 4077 2149 4148 quod
2165 4079 2391 4150 gravius,
2393 4079 2561 4145 stavil-

1533 4158 1625 4220 Ie,
1651 4155 1842 4211 cineris
1865 4157 2012 4211 mixti
2037 4155 2270 4213 scintillis
2290 4159 2558 4229 igneis.—
