2975 4784
483 356 605 442 '30
1282 373 1726 442 PRAEFAT
1749 377 1779 442 1
1802 375 1864 442 ο

515 516 682 603 lion,
720 517 783 603 l,
821 513 1095 588 351-62
1114 571 1134 604 ,
1168 535 1236 589 et
1258 515 1470 591 multo
1493 515 1726 591 melius
1751 512 2085 616 Cephalus
2105 569 2125 601 ‚
2156 515 2320 602 VII,
2356 513 2499 617 690
2523 516 2639 592 fin.

513 769 609 841 vl
631 823 651 855 ,
690 768 830 862 455
862 799 1005 871 sqq.
1029 825 1048 857 ,
1082 770 1318 844 summi
1344 768 1587 844 furoris
1611 767 1902 854 Procne,
1950 792 2112 840 vers.
2145 764 2291 839 610
2317 796 2464 868 sqq.
2500 769 2642 842 Sed

511 889 580 963 in
609 890 841 991 primis
867 891 1209 967 memorari
1241 910 1576 966 merentur
1612 889 1756 965 loca
1776 946 1796 978 ,
1841 889 1908 963 in
1939 888 2188 992 quibus
2227 890 2640 991 perturbatio

510 1013 749 1089 mentis
782 1043 931 1089 cum
962 1013 1087 1090 alia
1129 1015 1631 1116 perturbatione
1677 1033 1794 1088 aut
1830 1030 1981 1088 cum
2025 1040 2182 1087 sana
2223 1012 2479 1087 ratione
2524 1012 2636 1086 diu

508 1157 798 1239 pugnat,
828 1138 1000 1212 utin
1027 1136 1245 1211 animo
1266 1139 1517 1214 Medea
1538 1194 1558 1226 ,
1593 1141 1723 1213 vll
1742 1195 1762 1227 ,
1801 1165 1887 1212 10
1910 1166 2056 1239 sqq.
2080 1193 2100 1225 ,
2132 1135 2393 1238 Scyllae,
2429 1139 2595 1211 Vlll
2616 1194 2635 1227 ‚

510 1260 759 1353 44-80,
779 1259 1075 1348 Altinae,
1103 1260 1329 1353 [βπ-5
1344 1287 1369 1332 1
1392 1289 1449 1349 1,
1470 1260 1804 1363 Byblidis‚
1825 1263 1951 1350 lx,
1975 1258 2117 1360 [473
2134 1287 2309 1361 sqq.·,
2325 1260 2636 1360 Myrrha,

506 1388 572 1459 X
597 1441 619 1475 ‚
672 1384 814 1460 320
849 1412 995 1487 sqq.
1034 1386 1193 1460 Haec
1223 1386 1383 1461 satis
1410 1386 1701 1488 probant
1721 1442 1740 1474 ,
1793 1385 2116 1483 egregiam
2160 1385 2404 1459 ovidio
2437 1384 2640 1461 fuisse

503 1509 698 1584 animi
753 1511 1025 1587 humani
1068 1511 1423 1588 scientiam.
1483 1512 1725 1587 Parum
1783 1530 2012 1586 contra
2035 1566 2055 1598 ‚
2106 1513 2174 1585 Π
2198 1565 2220 1599 ,
2280 1508 2592 1604 38·ι-4οο
2612 1568 2633 1599 ,

500 1639 798 1713 Phoebus
828 1637 1043 1739 placet
1067 1694 1086 1727 ‚
1144 1638 1258 1739 qui
1288 1638 1358 1712 in
1391 1639 1575 1714 luctu
1618 1657 1685 1712 et
1727 1638 1823 1712 ira
1867 1637 2108 1713 stultos
2147 1637 2451 1713 homines
2491 1638 2639 1711 imi-

502 1780 697 1836 tatur.
746 1763 1076 1838 Perversis
1117 1764 1529 1839 acuminibus
1560 1783 1902 1866 corruptas
1932 1791 2075 1839 esse
2106 1760 2458 1839 nonnullas
2496 1766 2636 1865 ejus

504 1883 758 1979 generis
786 1884 1192 1974 notationes,
1238 1903 1354 1974 ut,
1391 1888 1491 1960 111
1514 1944 1533 1975 ‚
1581 1885 1935 1988 463-692‚
1983 1866 2340 1988 jam-supra
2383 1905 2484 1961 est
2512 1889 2636 1962 ad-

500 2008 844 2083 monitum.

596 2141 1035 2216 Similitudines
1053 2201 1071 2228 ‚
1132 2142 1376 2243 quibus
1407 2168 1514 2215 res
1546 2142 1754 2215 varias
1787 2138 1891 2213 vel
1922 2138 2250 2214 illustrare
2291 2138 2498 2213 voluit
2529 2140 2632 2215 vel

501 2292 810 2340 exornare
831 2322 851 2354 ,
906 2266 1128 2341 multae
1171 2285 1328 2342 sunt
1354 2264 1714 2367 probandae
1735 2320 1754 2352 ‚
1807 2290 1928 2336 nec
1968 2262 2232 2359 ingenio
2262 2291 2501 2359 magno
2530 2263 2637 2336 in-

499 2387 729 2484 dignae.
758 2431 836 2444 —
867 2391 969 2462 lIl
989 2446 1009 2477 ‚
1041 2417 1069 2461 1
1093 2415 1118 2460 1
1140 2415 1167 2461 1
1201 2389 1349 2463 :Sic
1366 2390 1475 2463 ubi
1486 2386 1964 2489 tollmtursesttk
1979 2389 2185 2462 auloea
2198 2386 2482 2475 theatris,
2508 2407 2627 2464 etc.

496 2511 685 2583 Vers.
726 2508 909 2583 568:
943 2510 1053 2584 Sic
1072 2538 1182 2610 ego
1203 2526 1521 2585 tor-mntem
1540 2570 1559 2596 ‚
1601 2529 1720 2586 etc.
1756 2510 2002 2611 quibus
2033 2509 2403 2586 illustratur
2431 2513 2628 2585 vehe-

493 2635 735 2709 mentia
756 2636 868 2709 irae
889 2633 1207 2708 inhibitae.
1238 2677 1316 2690 —
1340 2636 1439 2708 lv
1457 2690 1477 2722 ‚
1503 2632 1675 2728 354,
1698 2634 2299 2737 Hermaphroditus
2319 2635 2539 2708 nudus
2562 2635 2635 2709 in

495 2785 665 2856 aqua
686 2813 703 2847 ,
760 2756 1154 2843 translucet,
1189 2771 1258 2829 u!
1294 2756 1558 2830 ebumea
1590 2758 1801 2860 siquis
1843 2754 2039 2856 Segnia
2066 2772 2228 2856 tegat
2259 2758 2428 2830 claro
2449 2816 2470 2842 ,
2529 2758 2647 2831 vel

494 2880 759 2952 candida
791 2882 924 2955 lilia
947 2940 967 2968 ,
1018 2882 1200 2955 vitro.
1233 2879 1543 2956 Daedalus
1574 2878 1953 2954 antevolans
1994 2896 2150 2953 nato
2188 2878 2376 2952 timet
2396 2935 2415 2967 ,
2461 2881 2640 2954 velut

493 3004 650 3087 ales,
683 3004 764 3076 ab
782 3005 910 3079 also
943 3005 1111 3106 Quoe
1130 3021 1392 3079 teneram
1418 3005 1655 3106 prolem
1681 3003 1987 3106 produxit
2009 3005 2070 3076 in
2100 3031 2246 3077 aera
2269 3003 2433 3076 m'do.
2465 3005 2640 3077 Sua-

494 3123 757 3199 vissima
783 3145 883 3201 est
900 3183 920 3215 ,
947 3131 1013 3202 X
1032 3185 1051 3218 ‚
1094 3153 1226 3230 190
1246 3184 1265 3217 ‚
1291 3155 1487 3229 quam
1513 3143 1729 3200 tamen
1753 3125 2037 3221 Virgilio
2062 3126 2277 3199 debet.
2309 3126 2418 3199 Ibi
2446 3128 2634 3228 Hya-

492 3247 756 3322 cinthus
783 3250 953 3348 jacet
974 3308 993 3339 ‚
1056 3254 1153 3328 U!
1181 3254 1243 3326 si
1274 3254 1408 3354 quis
1437 3252 1673 3335 violas,
1727 3252 1964 3351 n‘guove
1986 3279 2265 3353 papaver
2301 3253 2364 3324 in
2409 3251 2623 3338 horto,

490 3370 775 3471 Lib'aque
815 3373 1135 3472 ίιρῙι-ὑιῦναὶ,
1178 3393 1297 3449 etc.
1340 3372 1738 3449 Laudandus
1774 3390 1840 3446 et
1884 3371 2110 3462 locus,
2149 3375 2282 3463 xl,
2319 3370 2632 3459 508-36,

493 3522 626 3591 quo
673 3493 856 3567 navis
904 3494 1215 3571 fluctibus
1254 3499 1489 3595 jactata
1538 3522 1688 3570 cum
1727 3496 1892 3569 urbe
1933 3513 2318 3597 oppugnata
2361 3524 2636 3596 compa-

490 3631 691 3688 ratur.
747 3617 878 3690 Sed
909 3646 1078 3720 saepe
1117 3620 1187 3695 in
1223 3621 1352 3694 hoc
1387 3648 1621 3719 genere
1669 3638 2203 3695 ornamentorum
2237 3620 2634 3693 inveniendo

491 3756 556 3813 et
580 3738 952 3816 adhibendo
972 3743 1099 3817 suit
1118 3743 1362 3817 infelix.
1397 3747 1702 3845 Ineptum
1728 3761 1827 3818 est
1850 3742 2049 3831 illud,
2074 3746 2172 3817 Ill
2189 3800 2208 3833 ‚
2234 3745 2328 3836 44
2356 3743 2634 3818 :Cadmi

487 3891 755 3965 serpens
782 3883 964 3940 tanto
993 3885 1092 3941 est
1111 3894 1389 3967 corpore
1407 3923 1426 3955 ,
1452 3885 1676 3969 ‘quanto
1692 3929 1711 3957 ,
1745 3870 1826 3944 Si
1842 3884 2031 3945 totum
2054 3884 2283 3971 spectes
2299 3929 2318 3955 ,
2350 3871 2638 3971 geminas

487 3991 596 4093 qui
607 4006 851 4092 separat
866 3992 1119 4065 Arctos.
1150 3988 1363 4078 Male,
1385 3993 1454 4064 ΙΙ
1471 4047 1490 4079 ,
1516 3991 1677 4084 825,
1702 3995 1980 4070 mutatio
1995 3993 2289 4070 mulieris
2308 3995 2378 4069 in
2399 4026 2636 4071 saxum

488 4143 635 4189 cum
676 4142 922 4201 cancro,
978 4116 1245 4214 corporis
1278 4115 1442 4189 malo
1473 4116 1594 4191 late
1622 4135 1891 4217 serpente
1912 4178 1929 4204 ‚
1994 4138 2456 4221 comparatum
2505 4149 2631 4194 nec
