2975 4784
525 396 612 465 68
1068 387 1573 468 1³.'0le11
1637 397 2114 496 NAsoms*

524 535 881 612 lncaluisse
913 532 1166 622 ferunt,
1205 535 1620 637 calidumque
1647 537 1963 612 animasse
1995 565 2294 612 cruorem
2326 563 2343 625 ;

523 658 643 743 Et,
679 682 762 727 ne
795 650 976 726 nulla
1008 679 1141 725 suae
1177 651 1404 751 stirpis
1437 670 1864 727 monumenta
1895 670 2271 741 manerent,

518 774 598 844 ln
634 768 865 844 faciem
900 766 1173 841 vertisse
1204 766 1557 840 hominum
1581 796 1597 839 ε
1621 767 1735 841 sed
1768 785 1836 842 et
1868 766 1982 842 illa
2010 796 2308 869 propago

2541 788 2633 841 160

523 881 937 960 Contemtrix
970 881 1301 984 Superum
1320 937 1339 970 ,
1378 908 1687 982 saevaeque
1718 881 2088 958 avidissima
2112 884 2304 959 eaedis
2323 940 2344 973 ‚

521 1003 612 1074 Et
643 997 925 1072 violenta
957 996 1087 1071 fuit
1114 1027 1130 1071 ε
1161 997 1360 1072 scires
1396 1024 1431 1069 e
1465 997 1784 1091 sanguine
1819 1014 2031 1071 natos».

614 1124 732 1196 IV.
785 1123 955 1219 Quae
987 1137 1175 1218 pater
1206 1135 1285 1192 ut
1315 1145 1572 1192 summa
1601 1117 1769 1191 vidit
1802 1118 2151 1193 Saturnius
2183 1147 2326 1195 arce
2345 1177 2367 1210 ,

513 1346 634 1383 rum
657 1327 917 1398 originem
931 1324 1155 1379 declarat
1169 1332 1365 1378 certam
1380 1343 1393 1384 ς
1409 1342 1526 1374 ma-

510 1414 631 1458 trem
643 1424 740 1458 con
750 1416 826 1458 tra
839 1422 954 1457 eam
969 1401 1181 1454 dubiam
1196 1399 1525 1468 relinquit.—

514 1485 645 1537 Hoec
663 1482 845 1537 sabula
867 1502 984 1552 pars
999 1479 1184 1534 adficta
1201 1490 1413 1549 propter
1426 1477 1522 1530 ho-

512 1564 719 1616 minum
732 1560 1107 1616 crudelitatem.
1131 1558 1386 1613 Crudeles
1398 1578 1523 1612 san—

504 1649 659 1711 guine
676 1647 792 1695 nali
805 1639 1019 1693 diceban
1028 1650 1112 1692 tur
1130 1638 1329 1691 :TibuL
1354 1639 1379 1691 1
1399 1678 1415 1703 ,
1442 1655 1486 1691 11
1502 1675 1520 1703 ,

509 1723 664 1793 39—-
678 1723 939 1780 Amineam,
966 1718 1020 1770 in
1039 1717 1275 1769 animans
1288 1728 1520 1770 vertere:

513 1799 595 1852 IV
614 1838 628 1864 ,
653 1799 781 1860 6183
808 1794 941 1849 XIV
962 1833 977 1859 ‚
1005 1794 1117 1846 566.
1154 1793 1401 1861 Proser-e
1419 1812 1520 1846 re-

508 1875 686 1929 vocavi
706 1893 831 1930 sue.
858 1873 914 1926 in
938 1891 1044 1942 quo
1068 1872 1391 1941 indulgentia
1407 1891 1520 1926 ma-

507 1962 659 2007 terna
683 1951 817 2005 inest
837 1960 891 2003 et
908 1969 1058 2003 causa
1076 1948 1392 2001 mutationis.
1413 1949 1519 2002 Ne·-

510 2047 611 2098 que
631 2067 648 2094 ,
662 2027 837 2095 sifim
853 2026 1186 2096 pret-‚essisset
1203 2064 1218 2091 ‚
1233 2025 1414 2093 subjici
1430 2043 1519 2093 po·

507 2106 687 2159 tuisset
714 2145 729 2171 ,
773 2107 868 2157 sed
888 2111 941 2156 e!
963 2107 1056 2155 illa
1087 2114 1183 2157 etc.
1238 2104 1300 2154 In
1322 2101 1519 2167 faciem

505 2188 780 2244 hominm.
825 2183 879 2236 in
903 2181 1176 2248 homines,
1202 2192 1291 2236 aut
1318 2181 1371 2233 in
1396 2182 1518 2233 sor-

510 2280 652 2314 mam
699 2259 1016 2324 hominum,¹
1063 2277 1222 2328 quam
1267 2256 1520 2326 Gigantes

508 2360 621 2395 non
644 2340 947 2394 habuerant.
968 2367 1036 2379 —
1052 2337 1141 2392 sic
1160 2336 1349 2391 dicitur
1365 2336 1518 2390 facies

506 2422 683 2487 maris,
697 2420 849 2473 facies
863 2418 990 2484 celi,
1008 2428 1103 2471 ete.
1121 2439 1135 2478 3
1152 2415 1387 2485 adeoque
1404 2433 1517 2468 om·

507 2500 589 2555 nis
609 2511 823 2555 externa
843 2497 1038 2567 species
1055 2508 1108 2550 et
1132 2496 1299 2548 forma
1316 2534 1331 2561 ‚
1358 2494 1518 2548 oculis

505 2580 733 2650 exposita
746 2618 763 2645 ,
788 2578 940 2631 facies
956 2575 1257 2647 appellatur.
1273 2575 1417 2629 Hinc
1425 2593 1517 2628 su-

507 2657 758 2727 perficies.
784 2657 885 2709 Ed.

578 2736 685 2788 158.
700 2736 995 2788 Incaluttrse.
1014 2731 1199 2785 Burm.
1214 2730 1349 2785 bene
1375 2729 1514 2797 fecit,

505 2811 647 2880 quod
684 2832 815 2867 vers.
837 2830 943 2881 seq.
979 2829 1074 2880 pro
1097 2811 1420 2862 immaduisse
1453 2827 1517 2860 ex

506 2909 616 2944 uno
638 2889 833 2945 Medic.
854 2902 909 2945 et
924 2888 1047 2943 edit.
1071 2885 1194 2940 Aldi
1214 2884 1359 2940 dedit
1374 2889 1516 2937 tinca-

501 2971 685 3032 lame,
714 2968 833 3037 quia
849 2966 1008 3023 ovid.
1022 2976 1162 3020 amat
1183 2963 1308 3017 tales
1321 2964 1519 3034 repeti-

502 3045 700 3110 tiones,
727 3057 782 3099 et
803 3046 925 3113 quia
950 3046 1006 3099 in
1032 3046 1199 3098 calore
1218 3041 1308 3096 illo
1330 3041 1403 3095 vis
1423 3040 1514 3111 gi-

505 3118 719 3190 guendi.

576 3202 683 3269 ¹59·
704 3197 899 3265 Stt‘rpelr.
919 3198 1128 3251 Thuan.
1151 3208 1204 3252 et
1228 3215 1364 3250 unus
1381 3197 1511 3249 Vos·

501 3274 761 3343 sian.serae
774 3278 959 3342 stirpzk,
979 3275 1120 3344 quod
1135 3275 1384 3330 Heinsius
1395 3294 1513 3329 am·-

500 3352 682 3423 plexus
704 3362 799 3405 est.

573 3430 682 3483 ιδῃ.
707 3430 871 3482 Scires
893 3447 924 3480 e
946 3436 1190 3497 sangathe
1208 3436 1372 3482 natos.
1396 3428 1477 3481 Vl
1490 3467 1508 3491 ,

474 3533 487 3546 =
503 3532 565 3563 22
584 3529 597 3563 ι
619 3512 783 3564 Sct‘m
816 3527 852 3561 a
879 3510 1095 3562 Pallade
1128 3512 1340 3563 doctam
1376 3511 1419 3564 F
1419 3520 1511 3564 ast.

502 3590 596 3655 11,
632 3591 730 3661 ⁴¹9
754 3608 766 3641 ε
792 3590 958 3641 Marle
987 3595 1129 3640 satos
1158 3594 1327 3644 seins.
1372 3589 1510 3643 Vide

502 3666 770 3721 Drakenb.
794 3665 859 3719 ad
884 3664 976 3719 Sil.
998 3665 1077 3732 V,
1105 3685 1216 3738 ²79·

573 3745 817 3810 163-243.
857 3745 1078 3814 Lycaon.
1129 3743 1310 3812 Quam
1351 3743 1511 3813 impia

496 3823 587 3880 illa
606 3842 636 3876 e
662 3820 951 3890 Gigantum
972 3820 1222 3889 sanguine
1248 3830 1360 3871 orta
1385 3840 1512 3888 pro-

494 3903 572 3960 Ies
583 3900 768 3965 suerit,
786 3899 1064 3952 commode
1082 3900 1329 3968 probatur
1341 3918 1510 3952 exem·

494 3982 591 4073 ¹¹¹⁰.
619 3977 906 4052 Lycaonis,
945 3975 1078 4065 regis
1114 3972 1377 4040 Arcadia,
1419 3977 1508 4044 qui

491 4057 593 4128 ipsi
615 4056 772 4122 Jovi,
797 4065 961 4108 terras
977 4052 1196 4118 visenti,
1217 4068 1326 4103 non
1348 4051 1509 4105 modo

495 4155 680 4196 earnes
718 4134 975 4190 humanas
1012 4138 1360 4202 apposuerat,
1415 4130 1510 4184 sed

1620 1322 1779 1375 etiam
1811 1320 2018 1376 insidias
2047 1333 2334 1388 struxerat;
2373 1344 2531 1395 quam
2558 1330 2628 1383 ob

1619 1400 1942 1470 impietatem
1959 1401 2011 1454 in
2031 1401 2212 1472 lupum
2234 1423 2512 1460 conversus
2535 1419 2629 1462 est.

1623 1477 1707 1533 Cs.
1723 1479 1918 1551 Hygin.
1942 1480 2042 1533 sab.
2069 1482 2177 1550 176,
2203 1494 2258 1535 et
2279 1484 2517 1553 Apollod.
2533 1487 2630 1539 Bi-

1618 1555 1800 1610 blioth.
1827 1557 1940 1624 111,
1965 1561 2024 1620 ὃς
2050 1576 2155 1627 quo
2182 1570 2404 1629 utroque
2429 1561 2543 1616 loco
2561 1564 2631 1617 fi-

1618 1631 1672 1685 lii
1696 1631 1950 1705 Lycaonis
1964 1673 1981 1700 ,
2018 1634 2158 1703 quod
2183 1635 2266 1690 hic
2288 1638 2512 1693 traditur
2532 1660 2630 1710 pe-

1616 1710 1876 1778 riculum,
1902 1712 1958 1764 in
1982 1712 2116 1765 Jove
2143 1714 2310 1769 facere
2335 1729 2629 1788 conantur,

1617 1807 1775 1857 quam
1791 1789 1858 1841 ob
1871 1807 2077 1843 causam
2091 1790 2183 1860 ipsi
2170 1791 2414 1848 fulmine
2429 1815 2629 1850 necan-

1615 1876 1728 1930 tur;
1755 1880 1903 1937 pater
1916 1879 2090 1922 autem
2112 1871 2401 1926 secundum
2427 1875 2627 1947 Hygin.

1614 1946 1669 1999 in
1710 1947 1892 2018 lupum
1936 1952 2296 2018 convertitur,
2332 1955 2626 2011 secundum

1616 2024 1858 2094 Apollod.
1884 2037 2061 2081 autem
2085 2048 2190 2082 una
2211 2049 2332 2084 cum
2355 2032 2472 2086 filiis
2491 2054 2626 2087 con-

1612 2115 1892 2157 crematur.
1930 2103 2072 2158 Cum
2098 2107 2341 2176 Apollod.
2362 2113 2626 2167 consentit

1615 2178 1790 2234 Schol.
1815 2180 2072 2254 Lycophr.
2095 2184 2159 2237 ad
2183 2204 2312 2240 vers.
2337 2188 2449 2250 481.
2477 2188 2623 2242 Pau·

1612 2276 1721 2311 san.
1748 2259 1938 2312 Arcad.
1970 2280 2021 2330 p.
2047 2261 2173 2327 600,
2201 2261 2391 2330 tradit,
2419 2265 2627 2338 Lycao·—

1613 2354 1766 2404 nem,
1786 2339 1985 2409 Pelasgi
2003 2338 2189 2406 filium,
2212 2340 2435 2412 Cecropi
2457 2363 2627 2414 equa·

1614 2415 1752 2483 lem,
1778 2418 1903 2472 Jovi
1931 2438 2073 2473 sacra
2104 2420 2285 2491 Lyrna
2313 2421 2626 2492 instituisse,

1613 2496 1670 2549 in
1687 2497 1850 2566 iisque
1867 2497 2121 2550 infantem
2133 2496 2456 2562 sacrificasse,
2476 2518 2628 2553 eam·

1613 2591 1715 2640 que
1733 2573 1800 2626 ob
1814 2591 2020 2626 causam
2034 2573 2088 2625 in
2106 2573 2287 2641 lupum
2305 2591 2626 2632 conversum

1612 2669 1737 2705 esse.
1762 2650 1824 2703 Id
1847 2649 1986 2719 quod
2012 2650 2166 2718 paulo
2188 2651 2400 2720 propius
2422 2652 2488 2705 ad
2512 2653 2629 2708 his-

1612 2729 1828 2784 toricam
1859 2728 2131 2781 veritatem
2156 2728 2365 2783 accedit.
2403 2729 2626 2792 Etenim

1612 2805 1768 2859 etiam
1785 2824 2022 2858 marmor
2034 2805 2290 2859 Arundel.
2306 2807 2330 2860 1
2348 2847 2363 2875 ,
2390 2808 2447 2862 32
2475 2848 2490 2875 ‚
2508 2830 2624 2865 me·

1612 2892 1817 2949 morat,
1839 2881 2167 2954 Lycaonem,
2197 2883 2485 2951 Pandioni,
2515 2884 2622 2940 Ce-

1610 2962 1779 3031 cropis
1813 2961 1923 3015 filio
1943 3000 1959 3026 ,
2002 2962 2255 3031 aqualem
2280 3002 2297 3030 ,
2339 2962 2620 3020 instituisse

1610 3037 1731 3091 Jovi
1753 3058 1925 3106 sacra,
1952 3049 2131 3095 Δνκαῖα
2153 3038 2317 3106 dicta,
2345 3041 2405 3095 in
2432 3041 2620 3110 quibus

1609 3116 1850 3172 homines
1887 3118 2007 3172 Deo
2047 3118 2381 3173 offen-entur.
2439 3120 2618 3190 Atque

1609 3193 1720 3248 hnc
1741 3214 1884 3249 sacra
1908 3194 1998 3248 diu
2018 3195 2264 3250 mansisse
2288 3196 2428 3251 inter
2448 3197 2620 3251 Arca-

1606 3269 1721 3337 das,
1747 3291 1808 3325 ex
1825 3273 2040 3342 antiquo
2058 3272 2285 3342 quodam
2302 3283 2512 3327 auctore
2529 3293 2618 3327 re-

1605 3351 1706 3405 fert
1743 3351 1878 3406 Plin.
1905 3353 1977 3405 H.
2004 3354 2069 3408 N.
2100 3353 2269 3419 vm,
2293 3354 2373 3405 32.
2413 3353 2616 3424 Regem

1604 3429 1807 3499 justum
1829 3433 1982 3486 fuisse
2007 3451 2129 3485 eum
2161 3431 2309 3485 Suid.
2342 3434 2397 3486 in
2425 3436 2620 3490 Δυκᾶων

1604 3520 1813 3572 narrat;
1840 3520 1994 3578 atque
2018 3510 2173 3562 etiam
2197 3528 2259 3562 ex
2283 3510 2503 3564 Pausan.
2524 3530 2619 3580 ap-

1606 3598 1787 3657 paret,
1807 3587 1972 3641 multa
1990 3606 2115 3640 eum
2137 3589 2278 3643 inter
2303 3589 2529 3645 Arcadas
2550 3589 2618 3645 ad

1605 3667 1724 3721 vitoe
1747 3667 1946 3721 cultum
1970 3668 2242 3723 invenisse.
2274 3670 2524 3723 Fabulam
2550 3671 2618 3725 de

1606 3746 1898 3800 mutatione
1926 3747 1981 3799 in
2008 3747 2189 3816 lupum
2216 3748 2359 3801 facile
2388 3748 2619 3803 nominis

1605 3836 1821 3897 etymon
1836 3845 2018 3896 parere
2029 3827 2208 3896 potuit
2223 3825 2391 3881 Delux
2394 3838 2497 3905 «va
2500 3852 2586 3883 ene«
2581 3835 2619 3898 ’ᾳ

1605 3902 1846 3956 universe
1881 3902 2138 3957 Herodot.
2172 3904 2283 3969 IV,
2329 3907 2455 3969 105,
2471 3855 2614 3958 Ptin.

1605 3978 1655 4031 d.
1681 3978 1713 4031 l.
1748 3978 2026 4050 disputant.
2059 3981 2359 4035 Fabulam
2343 4001 2397 4035 in
2429 4001 2483 4036 se
2522 3992 2614 4035 te-

1604 4073 1766 4108 nuem
1805 4056 2028 4111 Ovidius
2056 4060 2362 4112 tractatione
2386 4058 2617 4114 reddidit

1603 4133 2002 4188 memorabilem
2018 4172 2034 4201 ,
2058 4135 2112 4190 in
2127 4154 2290 4207 eaque
2312 4136 2614 4194 exornanda
