2975 4784
698 392 1728 461 METAMORPHOSEON
1789 394 1980 462 LIB.
2041 395 2145 459 11.

2367 417 2490 484 ¹99

370 571 406 601 »
448 535 655 608 Posse
692 532 847 607 dare
882 532 1009 606 hoc
1047 532 1287 606 iterum
1316 531 1574 606 flamma
1607 529 1983 631 prohiberis
2017 531 2228 604 avita:

372 687 409 718 »
444 656 637 753 Eque
668 652 817 725 Deo
845 677 1092 750 corpus
1124 648 1242 723 fies
1277 676 1647 744 exsangue3
1680 649 1996 747 Deosque
2016 704 2034 735 ,

375 801 412 832 »
454 766 592 863 Qui
626 764 832 840 modo
870 793 1115 866 corpus
1147 793 1323 853 eras;
1361 782 1427 839 et
1457 765 1570 839 bis
1599 783 1713 840 tua
1747 766 1880 840 fata
1914 764 2212 838 novabis.

376 916 413 948 >²
451 884 558 954 Tu
596 910 900 983 quoque,
935 910 1080 955 care
1115 899 1336 982 pater,
1373 910 1510 955 non
1543 883 1673 981 jam
1711 880 2043 967 mortalis,
2077 896 2143 952 et
2176 878 2325 952 aevis

380 1031 415 1060 »
461 998 799 1070 Omnibus
830 1014 906 1070 ut
936 1025 1232 1086 maneaS,
1269 997 1582 1073 nascendi
1607 997 1753 1095 lege
1787 1015 2081 1084 creatus,

2396 1014 2495 1066 650

378 1144 415 1176 υ
457 1111 663 1184 Posse
693 1113 867 1185 mori
897 1114 1124 1213 cupies
1157 1131 1298 1187 tum
1318 1169 1338 1201 ,
1376 1142 1584 1214 quum
1614 1113 1991 1187 cruciabere
2030 1110 2190 1184 dirae

376 1261 414 1293 »
454 1228 790 1324 Sanguine
822 1230 1147 1331 serpentis
1165 1286 1185 1318 ,
1221 1259 1343 1331 per
1377 1232 1596 1305 saucia
1631 1230 1925 1305 membra
1959 1246 2224 1329 recepto
2255 1257 2272 1300 z

375 1375 413 1407 κ
452 1344 679 1442 Teque
715 1372 792 1417 ex
826 1362 1070 1418 aeterno
1102 1347 1459 1446 patientem
1497 1347 1770 1422 numina
1797 1346 2036 1420 mortis

370 1491 410 1525 ³»
451 1456 800 1547 Efficient;
833 1460 1262 1563 triplicesque
1294 1463 1451 1537 Deae
1487 1479 1603 1537 tua
1635 1462 1744 1539 fila
1777 1461 2130 1537 resolvent.
2169 1492 2204 1524 »

368 1655 488 1725 pius
520 1655 577 1708 in
607 1656 768 1709 vitam
805 1658 1128 1712 revocaverit
1152 1699 1165 1721 ,
1216 1659 1282 1712 de
1320 1678 1385 1712 eo

367 1733 689 1788 dissentiunt
716 1735 1002 1808 mythologi
1022 1776 1037 1802 ,
1077 1736 1186 1790 aliis
1209 1736 1386 1790 Glau-

366 1831 494 1865 cum
507 1850 524 1878 ,
542 1811 741 1865 Minois
752 1813 917 1866 filium
932 1854 947 1880 ,
961 1815 1356 1870 nominantibus
1367 1857 1383 1884 ,

368 1890 477 1944 aliia
500 1892 853 1965 Hippolytum
866 1933 880 1956 ‚
902 1894 1010 1947 aliis
1026 1895 1350 1965 Tyndareon
1368 1935 1385 1963 ,

370 1967 478 2022 aliis
498 1969 642 2023 alios.
664 1968 801 2024 Vide
824 1970 1066 2040 Apollod.
1089 1973 1202 2038 111,
1230 1989 1263 2024 x
1281 2011 1297 2038 ,
1320 1972 1385 2036 3.;

373 2047 572 2103 Zenob.
589 2051 643 2116 1,
666 2052 753 2115 18,
772 2060 826 2103 et
842 2050 1091 2105 Munker.
1106 2052 1170 2105 ad
1188 2052 1387 2123 Hygia.

374 2126 474 2179 sab.
500 2143 641 2180 xux.
669 2128 828 2181 Hanc
857 2129 1017 2199 igitur
1039 2131 1107 2182 ob
1129 2149 1337 2183 causam
1362 2149 1392 2182 a

376 2201 511 2256 Jove
534 2204 751 2259 fulmine
775 2218 990 2260 necatus
1004 2217 1177 2261 εει-
1195 2211 1298 2260 Dis
1309 2212 1393 2259 ἰπ-

372 2283 709 2350 dignantibus.
724 2283 991 2337 Eratosth.
1005 2295 1094 2340 τῶν
1106 2295 1147 2338 9ae
1153 2295 1212 2339 ὧν
1230 2291 1394 2352 ἀνσχε-

369 2369 523 2435 pem
502 2372 601 2415 οὒτε
626 2387 676 2433 γε
677 2367 844 2438 μένε-ων
866 2373 964 2415 ete.
980 2363 1221 2416 Plutonis
1237 2362 1303 2415 de
1328 2381 1392 2415 ea

371 2455 425 2489 re
440 2439 681 2506 querelas
702 2438 859 2492 babet
875 2438 1390 2503 Diodor.Sicul.1V,

374 2534 444 2582 7¹·
472 2520 580 2570 Des
598 2522 918 2584 magram..-
949 2519 1177 2572 Plutone
1201 2517 1393 2571 scilicet

370 2606 629 2663 querente
655 2607 708 2650 et
733 2598 869 2649 Jove
892 2596 1232 2667 indignante,
1263 2596 1393 2665 Hip-

372 2676 613 2748 polytum
636 2677 701 2729 ab
725 2678 874 2745 equis
894 2676 1213 2748 discerptum
1228 2676 1393 2730 resti-

372 2754 445 2821 tui
470 2755 537 2807 ab
553 2754 856 2824 AEsculapio
877 2757 933 2808 in
958 2756 1061 2809 vita
1084 2775 1247 2826 poese-
1270 2754 1395 2808 Vir-

372 2832 455 2902 gil.
479 2833 696 2889 AEneid.
723 2835 986 2904 V11‚.772
1013 2854 1027 2889 ε

371 2924 463 2974 Ῑρκ
476 2935 719 2975 repertorem
739 2925 941 2964 medicina
958 2926 1049 2964 talis
1065 2934 1106 2963 et
1123 2925 1221 2963 ertia

371 2997 834 3049 ratumnebssgemm
849 2999 1006 3052 Stygia
1016 2998 1183 3037 detrusit
1194 2997 1391 3037 adnudat.

380 3069 725 3142 AEnculapius,
744 3084 799 3127 et
814 3073 922 3143 ipse
939 3091 1050 3128 non
1066 3074 1178 3127 eine
1196 3071 1396 3143 flagitio

378 3149 637 3217 Apollinis
652 3161 808 3204 natus
827 3191 842 3217 ,
865 3151 991 3220 quid
1015 3151 1137 3205 secit
1157 3149 1296 3204 aliud
1322 3147 1395 3202 di·

378 3227 514 3281 vinis
535 3227 825 3283 bonoribus
847 3229 1069 3300 dignum
1086 3268 1101 3296 ,
1129 3228 1227 3281 nisi
1251 3227 1394 3298 quod

372 3307 575 3360 sanavit
601 3307 952 3381 Hippolytum
965 3307 991 3360 ἲ
1017 3307 1255 3360 Mortem
1269 3325 1393 3360 eane

375 3383 561 3437 habuit
584 3384 859 3440 clariorem
874 3426 889 3453 ,
916 3385 1058 3455 quod
1079 3404 1109 3438 a
1128 3384 1249 3438 Deo
1267 3403 1395 3438 me-

372 3462 483 3514 ruit
505 3462 790 3517 fulminari.
814 3465 915 3518 Ed.

442 3541 558 3608 646.
586 3545 888 3596 the‘benlt.
912 3543 1151 3598 Praesens
1172 3560 1269 3613 pro
1284 3542 1399 3595 Fu-

371 3629 499 3672 turo
518 3660 533 3687 ,
558 3621 679 3691 quia
702 3631 845 3675 vates
865 3626 1043 3677 sutura
1070 3634 1132 3677 ut
1156 3641 1397 3693 pmcn-

371 3697 450 3750 tia
461 3698 559 3751 sibi
572 3699 801 3769 fingunt.
816 3728 886 3742 —-
900 3704 1000 3754 Bis
1010 3701 1234 3772 {uasatq
1249 3717 1399 3756 nova-

371 3778 484 3836 bis,
508 3774 773 3846 duplicem
796 3779 1074 3847 experieris
1097 3789 1400 3833 metamor-

372 3852 567 3923 phosiu
600 3871 614 3905 :
648 3855 824 3924 primo
850 3875 880 3909 e
913 3857 1095 3911 matris
1123 3855 1399 3911 morientis

376 3941 537 3984 utero
556 3943 741 4001 raptus
760 3954 774 3997 ς
801 3933 1031 3986 secundo
1053 3934 1145 3987 ubi
1166 3953 1196 3986 a
1218 3932 1402 3987 fulmi-

375 4010 462 4063 nis
484 4009 899 4081 conflagratione
923 4014 1234 4069 reviviscens
1256 4012 1401 4067 divi-

373 4087 605 4141 nitatem
621 4101 974 4157 consequutus
999 4110 1069 4145 es.
1087 4093 1184 4146 Ed.
1201 4118 1269 4134 -·
1290 4090 1400 4147 No·

375 4185 524 4234 rate,
550 4167 625 4222 sic
648 4177 704 4220 et
728 4166 851 4237 6745
878 4169 955 4223 xl
972 4207 988 4237 ,
1014 4169 1124 4224 261.

1549 1661 1663 1734 649.
1693 1663 1771 1714 Tu
1787 1679 1976 1729 quoque
1989 1670 2085 1713 etc.
2109 1659 2267 1711 Nunc
2283 1655 2498 1726 quidem

1480 1749 1670 1792 natura
1687 1750 1776 1792 tua
1793 1736 2104 1792 immortalis
2122 1756 2176 1790 es
2192 1745 2245 1789 et
2259 1745 2502 1788 aeternus.

1479 1818 1790 1878 -Μαιειτ,
1819 1814 1886 1870 de
1904 1816 2007 1868 vita
2023 1825 2220 1867 eterna
2241 1822 2382 1865 recte
2406 1810 2501 1864 di-

1481 1898 1633 1950 citur.
1654 1925 1722 1937 —
1747 1899 1942 1963 Cupt'es.
1987 1894 2171 1948 Codex
2194 1892 2391 1962 Regius
2415 1892 2464 1945 A
2484 1930 2499 1952 ‚

1483 1982 1700 2044 capham·
1736 1976 1871 2031 Cod.
1909 1976 1955 2029 B
1976 2015 1991 2041 ,
2026 1979 2214 2041 cupicu-
2242 1999 2310 2012 —·
2342 1975 2503 2036 Quum

1484 2059 1769 2109 cruciabere
1782 2066 1880 2107 etc.
1899 2052 2150 2105 Chironia
2161 2048 2354 2120 pedem
2369 2049 2505 2101 Her·

1486 2131 1628 2185 cules
1650 2130 1960 2200 imprudens
1978 2129 2163 2198 sagitta
2183 2125 2364 2197 hydrae
2383 2125 2505 2177 Ler-

1489 2226 1620 2262 naeae
1642 2213 1913 2275 sanguim,
1942 2224 2182 2270 veneno,
2210 2205 2369 2257 tincta
2393 2203 2502 2255 vul-

1489 2286 1694 2339 neravit
1710 2324 1725 2350 ,
1746 2284 1825 2337 vel
1840 2303 2006 2352 quum
2020 2281 2157 2352 apud
2175 2299 2300 2335 eum
2315 2281 2507 2333 dever-

1490 2364 1635 2417 tisset
1652 2403 1667 2429 ,
1689 2363 1830 2435 Hyg.
1849 2362 1907 2414 P.
1929 2362 1992 2414 Α.
2011 2362 2064 2415 11
2085 2400 2101 2426 ‚
2126 2360 2189 2413 38
2206 2397 2222 2425 ,
2243 2359 2325 2412 vel
2339 2377 2504 2427 quum

1490 2441 1680 2494 Maleae
1715 2442 1876 2494 alium
1915 2439 2248 2493 Centaurum
2285 2436 2505 2490 transfi-

1490 2538 1613 2589 gere
1665 2520 1835 2573 vellet.
1882 2520 2105 2573 Pausan.
2151 2515 2200 2566 V
2237 2557 2251 2583 ,
2295 2536 2343 2586 p.
2395 2518 2506 2585 387.

1493 2596 1735 2667 Apollod.
1772 2597 1828 2650 ΙΙ
1858 2636 1873 2664 ,
1919 2613 1954 2648 v
1976 2636 1991 2664 ,
2032 2597 2077 2661 4.
2124 2593 2388 2648 Eratosth.
2425 2596 2506 2659 4ο.

1491 2676 1685 2730 Noster
1705 2676 1937 2747 priorem
1962 2674 2222 2727 rationem
2257 2681 2506 2741 sequutus

1488 2770 1567 2813 est
1583 2760 1635 2811 V
1652 2759 1790 2812 Fast.
1808 2799 1822 2825 ‚
1842 2755 2532 2830 397-514.—Bec1‘piuntur·

1491 2855 1554 2889 ea
1577 2875 1593 2902 ,
1638 2836 1826 2906 quibus
1866 2834 1980 2904 quis
2022 2833 2332 2885 vulneratur
2350 2869 2366 2897 ,
2417 2839 2505 2882 aut

1493 2930 1608 2981 quoe
1630 2923 1911 2983 penetrant
1928 2914 1984 2965 in
2009 2929 2214 2980 corpus.

1557 2993 1672 3045 653.
1686 2995 1896 3044 Patiens
1903 2996 2093 3044 morale.
2119 2986 2370 3042 Mortalis.
2387 2987 2515 3038 Pate·

1490 3088 1662 3123 necem
1672 3081 1751 3123 est
1761 3070 1831 3136 X,
1846 3064 2503 3139 257.Quumcruciaretur‚

1493 3148 1943 3200 immortalitatem
1975 3163 2123 3198 suam
2148 3153 2334 3213 sponte
2358 3141 2509 3196 cessit

1493 3225 1820 3281 Prometheo
1837 3264 1853 3290 ,
1877 3224 1960 3278 cui
1972 3222 2186 3293 Jupiter
2200 3239 2262 3275 ea
2276 3219 2390 3291 lege
2409 3219 2505 3272 im-

1493 3303 1871 3358 mortalitatem
1906 3301 2245 3372 promiserat,
2285 3300 2327 3354 si
2360 3298 2508 3351 daret

1490 3382 1849 3436 immortalem
1871 3421 1886 3447 ,
1905 3379 1994 3449 qui
2012 3395 2108 3450 pro
2122 3380 2234 3449 ipso
2249 3377 2385 3431 mori
2402 3377 2508 3430 vel-

1491 3463 1583 3517 le't.
1609 3461 1824 3514 Lucian.
1845 3459 1915 3512 D.
1941 3459 2109 3513 Mort.
2132 3458 2211 3510 αὖ.
2234 3484 2301 3496 -
2323 3458 2510 3508 Resol-

1497 3537 1620 3595 dent.
1648 3539 1799 3593 Alter
1815 3538 2011 3608 Regius
2024 3578 2041 3604 ,
2057 3537 2327 3596 revolvem,
2346 3551 2509 3602 eque.

1497 3618 1610 3672 Fila
1633 3618 1921 3671 Parcarum
1943 3615 2193 3669 dicuntur
2207 3614 2412 3670 revolvi,
2439 3631 2511 3662 re·

1495 3701 1654 3758 solvi,
1686 3700 1872 3759 retexi,
1903 3698 2189 3747 Herae-lete.
2207 3718 2273 3732 ·—
2289 3689 2511 3743 Codices

1495 3769 1664 3830 nostri
1706 3774 1756 3828 Α
1792 3785 1846 3829 et
1879 3774 1963 3842 B,
2008 3775 2263 3825 resolvent.
2315 3767 2418 3822 Ed.
2447 3793 2513 3805 -

1498 3859 1772 3910 Resolven!
1795 3853 2046 3909 Heinsius
2075 3849 2393 3921 explicabat,
2429 3863 2514 3897 se-

1498 3936 1730 3989 cabunt:
1753 3934 1925 4005 potius
1959 3942 2074 4000 eet,
2114 3923 2511 3995 retorquebunt.

1498 4012 1673 4067 Tibul.
1691 4014 1750 4080 1,
1776 4028 1890 4079 vn,
1918 4029 1982 4077 2,
2009 4009 2075 4061 de
2098 4005 2286 4061 iisdem
2309 3996 2511 4061 Parcis,

1498 4096 1721 4143 stamina
1750 4110 1847 4142 non
1888 4091 1992 4142 ulle
2020 4080 2345 4137 dissoluenda
2387 4075 2514 4125 Deo.

1501 4163 1743 4234 Propert.
1783 4163 1907 4232 IV,
1943 4177 2058 4225 vn,
2106 4163 2210 4223 51,
2252 4150 2518 4206 revolubile
