2975 4784
526 387 600 430 η
1292 365 1857 433 PRAEFATIO

513 531 733 578 rerum
787 522 1024 579 natura
1077 504 1281 581 habet
1301 564 1320 596 ‚
1361 535 1506 609 quae
1561 506 1853 581 hominis
1906 500 2198 578 indolem
2253 506 2638 601 attingunt;

511 664 717 737 eaque
751 654 819 711 et
850 637 1089 739 cupide
1124 655 1192 713 et
1214 639 1556 736 ingeniose
1583 667 1746 712 usus
1765 693 1784 725 ,
1810 635 2058 732 insigni
2082 664 2301 710 rerum
2330 636 2638 711 varietate

513 783 712 868 atque
747 768 940 868 copia
975 797 1145 869 opus
1177 797 1370 845 snum
1404 769 1696 870 posteris
1718 767 2218 843 commendavit.
2248 767 2434 842 Deos
2464 768 2639 841 enim

510 898 865 1001 plerosque
916 929 1067 975 cum
1110 902 1450 976 attributis
1504 902 1644 976 suis
1685 901 1796 975 hic
1834 900 2202 1003 descriptos
2232 899 2598 1001 reperimus
2619 956 2637 987 ,

509 1034 702 1109 Jovis
728 1035 1167 1135 majestatem,
1197 1036 1476 1111 fulmina
1499 1092 1532 1137 ⁹,
1554 1035 1906 1137 imperium
1939 1035 2008 1107 in
2039 1034 2396 1122 mundum,
2429 1032 2638 1123 furta,

512 1167 805 1242 Junonis
860 1166 1252 1271 zelotypiam
1273 1227 1292 1258 ‚
1328 1168 1672 1271 Apollinis
1724 1186 1898 1243 artes
1945 1185 2012 1242 et
2059 1195 2347 1256 amores,
2384 1168 2641 1242 Cereris

513 1300 776 1387 merita,
815 1301 1137 1375 Mercurii
1183 1302 1625 1377 ministerium
1661 1320 1728 1377 et
1762 1317 2101 1389 ornatum,
2140 1301 2370 1374 Dianae
2396 1299 2642 1374 choros

514 1448 582 1505 et
625 1432 1038 1521 venationes,
1078 1433 1323 1508 Bacchi
1370 1434 1644 1509 nomina
1664 1491 1683 1524 ‚
1718 1461 1826 1509 res
1876 1450 2095 1531 gestas
2135 1449 2206 1508 ‘et
2255 1460 2465 1519 sacra,
2489 1430 2642 1504 ”Mi-

509 1591 722 1637 nervae
743 1564 814 1637 in
832 1565 1113 1638 texendo
1137 1564 1613 1656 excellentiam,
1635 1568 1907 1640 Latonae
1926 1593 2181 1640 errores
2199 1582 2267 1638 et
2285 1563 2634 1651 vindictas,

511 1694 866 1796 Cupidinis
895 1725 1074 1771 arma
1106 1716 1173 1772 et
1202 1699 1568 1799 potentiam
1585 1755 1603 1787 ,
1638 1699 1948 1773 Plutonis
1976 1697 2333 1799 imperium
2359 1698 2429 1770 in
2457 1695 2629 1770 infe-

509 1854 656 1915 ros,
688 1828 1102 1930 Proserpinae
1136 1831 1305 1919 sata,
1339 1834 1762 1933 Neptunum,
1800 1832 2043 1905 Protea
2071 1830 2490 1925 ambiguum,
2527 1857 2641 1904 ca-

511 1988 756 2035 norum
788 1962 1068 2057 Tritona
1087 2019 1105 2051 ,
1141 1965 1491 2061 Musarum
1519 1982 1749 2038 cantus
1768 2020 1787 2052 ‚
1824 1961 2113 2037 Telluris
2144 1960 2430 2048 fructuS,
2455 1960 2640 2033 Tisi-

510 2089 770 2192 phones
820 2091 1101 2167 formam
1155 2110 1224 2167 et
1275 2121 1634 2181 venenum,
1690 2092 1886 2167 Isidis
1937 2120 2202 2194 quoque
2233 2092 2638 2194 AEgyptiaeae

509 2251 841 2326 pompam.
881 2223 1228 2299 Prodeunt
1254 2223 1378 2299 viri
1401 2239 1470 2299 et
1496 2223 1734 2299 heroes
1757 2280 1778 2314 ,
1813 2252 1985 2325 quos
2019 2223 2378 2324 antiquitas
2400 2223 2638 2298 habuit

512 2356 975 2433 celeberrimos
989 2414 1009 2446 ‚
1058 2356 1462 2444 Deucalion,
1503 2356 1761 2431 Chiron
1784 2412 1804 2443 ‚
1845 2354 2274 2456 AEsculapius
2295 2412 2314 2444 ‚
2352 2354 2635 2430 Cadmus

513 2519 664 2566 cum
711 2492 850 2565 suis
873 2546 893 2579 ‚
945 2484 1270 2578 Tiresi'aS,
1321 2490 1605 2563 Pcrseus
1626 2545 1646 2578 ,
1691 2490 1935 2577 Jason‚
1987 2488 2317 2576 Theseus,
2372 2487 2632 2574 Minos,

514 2622 858 2712 Daedalus,
907 2619 1363 2722 Triptolemus
1381 2676 1400 2709 ,
1438 2618 1814 2717 Meleager,
1866 2618 2186 2696 Hercules
2209 2676 2227 2709 ‚
2266 2618 2579 2721 Orpheus
2613 2673 2634 2707 ,

513 2753 840 2843 Achilles,
869 2753 1174 2854 Ulysses,
1211 2752 1625 2854 Pythagoras
1641 2809 1661 2843 ,
1687 2754 1932 2828 AEneas
1948 2808 1968 2842 ,
1993 2751 2323 2828 Romulus
2339 2808 2360 2840 ,
2384 2753 2633 2837 Numa,

517 2913 803 2988 quorum
831 2884 1129 2958 omnium
1153 2910 1258 2958 res
1292 2882 1596 2984 plurimae
1631 2901 1698 2959 et
1726 2883 1957 2960 laudes
1991 2902 2106 2987 aut
2130 2884 2399 2958 brevius
2432 2882 2636 2956 attin-

516 3034 768 3113 guntur
785 3071 804 3105 ‚
841 3034 957 3091 aut
975 3016 1229 3112 ingenii
1246 3014 1517 3091 flumine
1541 3033 1788 3091 ornatae
1812 3014 2243 3118 explicantur.
2266 3017 2627 3101 Notantur,

514 3176 660 3251 quae
685 3148 756 3222 in
776 3149 995 3224 animo
1019 3147 1311 3224 humano
1330 3165 1493 3223 sunt
1509 3205 1529 3238 ‚
1555 3148 1851 3225 adfectus
1876 3160 2190 3251 paternus
2207 3202 2227 3235 ‚
2259 3162 2628 3233 maternus,

509 3280 840 3356 fraternus
859 3337 879 3370 ‚
906 3282 1244 3373 sororius,
1273 3310 1459 3357 amor
1475 3299 1731 3369 castus,
1759 3281 2082 3366 incestus,
2110 3275 2497 3367 sceleratus,
2527 3277 2633 3352 sui

509 3416 759 3517 ipsius,
785 3414 997 3490 libido
1021 3415 1249 3489 furens
1265 3472 1285 3504 ‚
1309 3413 1536 3517 plures
1562 3411 1817 3487 doloris
1850 3429 1918 3485 et
1951 3409 2171 3486 luctus
2198 3409 2476 3505 gradus,
2512 3407 2634 3483 de-

511 3548 831 3650 speratio,
863 3547 1148 3638 insania,
1176 3548 1304 3637 ira,
1334 3520 1698 3623 ulciscendi
1721 3544 2018 3620 studium
2035 3541 2331 3634 ,invidia
2352 3597 2372 3630 ,
2400 3540 2636 3615 crude-

511 3680 683 3770 litas,
711 3682 1033 3784 impietaS,
1062 3683 1296 3783 pieta,
1327 3682 1725 3769 innocentia,
1756 3677 2166 3779 simplicitas,
2191 3675 2631 3779 hospitalitas,

511 3811 824 3888 mollities
843 3869 863 3903 ,
894 3813 1256 3904 fortitudo,
1288 3831 1430 3888 tum
1449 3840 1692 3914 pugnae
1714 3829 1782 3887 et
1804 3808 2131 3886 tumultus
2154 3809 2494 3884 variorum
2518 3805 2638 3881 ad-

510 3948 800 4025 fectuum
834 3949 906 4023 in
939 3948 1179 4023 animo.
1220 3947 1412 4024 Adde
1447 3947 1669 4025 studia
1694 3946 2079 4035 hominum,
2109 3941 2288 4018 bella
2308 4000 2327 4032 ‚
2365 3938 2590 4043 praelia
2609 3995 2631 4030 ‚

513 4082 925 4173 venationes,
976 4092 1147 4158 artes
1198 4080 1597 4178 (textoriam
1615 4135 1634 4170 ,
1667 4078 1998 4156 fatidicam
2019 4134 2038 4171 ,
2080 4077 2443 4167 nauticam,
2490 4074 2638 4176 pis·-
