2975 4784
515 349 643 394 200

1061 325 1138 391 P.
1199 326 1554 394 OVIDII
1606 324 2071 395 NASONIS

509 463 831 539 Restabat
853 462 1007 537 fatis
1042 461 1292 565 aliquid
1324 495 1340 537 ε
1366 465 1658 565 suspirat
1687 465 1770 539 ab
1809 466 1958 539 imis

2532 489 2630 542 6⁵5

512 583 910 657 Pectoribus
931 639 950 670 ‚
987 580 1416 683 lacrymaeque
1456 582 1641 678 genis
1675 580 1998 656 labuntur
2031 581 2328 657 obortae:

508 701 733 800 Atque
769 699 898 784 ita,
940 732 973 762 «
1008 700 1451 786 Praevertunt,
1490 698 1745 799 inquit,
1780 726 1884 770 me
1918 697 2082 785 ίὲιιιις
2119 716 2437 799 vetorque

516 845 552 878 ³>
594 811 795 887 Plura
828 811 1056 912 loqui;
1093 811 1405 912 vocisque
1441 840 1600 886 meae
1632 811 2060 912 praecluditur
2089 841 2271 888 usus.

515 963 553 995 ι»
594 932 749 1002 Non
784 928 1044 1003 fuerant
1076 946 1247 1002 artes
1281 928 1485 1016 tanti,
1527 958 1672 1030 quae
1707 930 1999 1004 numinis
2032 931 2196 1004 iram

513 1077 552 1112 »
591 1047 993 1120 Contraxere
1027 1045 1231 1131 mihi;
1269 1044 1530 1119 mallem
1563 1044 1847 1120 nescisse
1881 1046 2125 1119 futura.

2534 1066 2633 1119 660

516 1195 553 1228 ³>
591 1165 739 1236 Jam
771 1162 934 1237 mihi
970 1161 1250 1236 subduci
1285 1160 1482 1236 facies
1517 1163 1807 1237 humana
1838 1162 2136 1237 videtur·
2122 1220 2140 1250 ,

512 1312 550 1344 ι»
589 1280 738 1354 Jam
775 1280 966 1353 cibus
999 1279 1206 1352 herba
1239 1276 1487 1379 plaeet;
1520 1280 1653 1377 jam
1683 1278 1835 1353 latis
1869 1307 2130 1353 currere
2160 1277 2410 1378 campis

512 1397 885 1496 »Impetus
922 1414 1051 1482 est;
1084 1396 1152 1469 in
1184 1424 1451 1497 equam,
1483 1412 1891 1496 cognataque
1926 1423 2209 1496 corpora
2242 1393 2485 1468 vertor.

514 1543 553 1575 >³
592 1512 767 1583 Tota
803 1528 1018 1584 tamen
1049 1540 1288 1611 quare.
1274 1514 1303 1565 Ρ
1336 1528 1525 1611 pater
1557 1527 1660 1585 est
1689 1510 1852 1583 mihi
1888 1538 2127 1611 nempe
2157 1508 2566 1583 biformis.»

511 1631 697 1706 Talia
735 1631 978 1706 dicenti
1010 1662 1162 1734 pars
1193 1651 1293 1708 est
1328 1652 1614 1708 extrema
1650 1633 1928 1735 querelae

2538 1650 2631 1705 66⁵

509 1753 853 1828 Intellecta
887 1784 1156 1855 parum3
1195 1756 1603 1857 confusaque
1636 1758 1834 1831 verba
1867 1757 2089 1830 fuere:

512 1878 683 1950 Mox
709 1907 829 1952 nec
863 1879 1063 1952 verba
1089 1878 1388 1978 quidem,
1426 1908 1547 1952 nec
1583 1909 1766 1981 equae
1790 1908 1996 1954 sonus
2027 1877 2141 1952 ille
2169 1877 2466 1964 videtur,

510 1998 644 2072 Sed
679 1999 1050 2074 simulantis
1082 2029 1358 2102 equam3
1395 2028 1732 2103 parvoque
1764 2002 1837 2073 in
1870 2019 2163 2101 tempore
2197 2017 2416 2073 certos

509 2217 717 2264 stamen.
758 2210 951 2264 Noster
966 2250 981 2276 ,
1032 2211 1083 2263 Χ
1101 2249 1116 2276 ,
1155 2209 1221 2263 30
1237 2251 1251 2272 ,
1288 2216 1523 2264 retexent.

576 2288 690 2341 655.
709 2291 962 2341 Restabat
972 2298 1070 2342 etc.
1091 2288 1286 2342 Similis
1301 2306 1524 2341 conver-

508 2365 587 2421 sio
602 2406 619 2432 ,
644 2368 669 2420 1
687 2408 703 2433 ‚
727 2384 848 2433 7003
877 2365 968 2420 sed
990 2366 1042 2419 h.
1063 2366 1096 2418 1.
1116 2366 1222 2436 ipse
1239 2366 1410 2419 noluit
1426 2385 1523 2418 re-

509 2443 698 2496 stantia
711 2441 903 2495 addere
917 2482 933 2509 ,
950 2462 1141 2512 nempe
1162 2444 1273 2497 sore
1289 2483 1304 2508 ,
1323 2453 1380 2495 ut
1400 2441 1524 2495 Chi·

511 2538 610 2572 ron
634 2519 776 2573 inter
799 2519 969 2573 sidera
990 2519 1264 2574 reseratur.
1290 2521 1427 2574 Fast-
1453 2537 1488 2574 ν
1505 2557 1522 2586 ,

511 2598 648 2664 413.

577 2687 891 2727 uadi-endem
881 2702 989 2740 ,uqa
964 2696 1091 2726 ιιιιιιιι
1100 2688 1347 2737 ,justissime
1325 2687 1523 2735 mclii-on

508 2687 629 2800 NBis»
610 2769 758 2812 sesept
760 2772 835 2799 ms
816 2761 940 2799 oiston
957 2771 1157 2812 eeorport
1135 2761 1266 2798 eiunet
1301 2773 1400 2799 ems

515 2832 771 2888 Centauri
795 2834 940 2887 enim
959 2832 1101 2886 sidus
1123 2834 1170 2885 ei
1197 2831 1366 2887 Graeci
1387 2832 1521 2887 dica·

510 2925 655 2967 runt.
681 2942 751 2954 —
774 2913 902 2968 Filia
919 2953 934 2980 ,
970 2912 1261 2968 secundum
1283 2912 1522 2983 Euripid.

512 2992 571 3044 in
610 2992 939 3062 Menalippa,
983 2990 1192 3062 gravida
1227 3009 1295 3044 ex
1328 2990 1484 3044 AEolo
1504 3030 1520 3058 ,

513 3067 753 3122 Hellenis
772 3069 898 3136 filio,
916 3089 1082 3139 quum
1101 3080 1247 3139 patre
1262 3068 1425 3123 inscio
1437 3088 1524 3138 pe-

509 3144 757 3213 perisset,
782 3146 836 3198 in
861 3166 1051 3217 equam
1077 3158 1305 3213 mutata,
1331 3158 1445 3200 tum
1469 3157 1525 3200 et

511 3220 622 3289 ipsa
645 3220 785 3273 inter
806 3223 976 3278 sidera
998 3225 1160 3279 relata
1182 3235 1276 3279 est.
1308 3224 1525 3278 Secun-

472 3351 475 3358 ,
513 3297 643 3353 dum
681 3298 1093 3370 Callimachum,
1128 3325 1157 3358 a
1179 3304 1352 3358 Diana
1383 3322 1525 3357 con-

514 3397 659 3433 versa
714 3390 794 3434 est
818 3418 835 3446 ,
894 3381 1034 3449 quod
1086 3384 1263 3436 venari
1303 3381 1526 3436 desierat

512 3454 788 3526 Deamque
807 3457 977 3510 colere
997 3477 1009 3510 :
1027 3459 1223 3529 Hygin.
1240 3459 1379 3512 dicto
1396 3460 1525 3513 loco.

513 3529 620 3583 Sed
649 3532 785 3600 apud
811 3533 1064 3586 Nostrum
1091 3537 1522 3602 transformatur,

514 3607 656 3675 quod
684 3609 924 3661 Deorum
960 3609 1170 3662 consilia
1203 3614 1523 3667 enuntiabat.

515 3684 857 3753 Ingeniosum
872 3695 1050 3738 autem
1060 3684 1251 3755 figmen
1259 3699 1371 3742 tum
1385 3729 1401 3757 ,
1417 3709 1526 3759 quo

513 3770 655 3813 vates
670 3761 1017 3813 mutationem
1029 3780 1176 3814 suam
1194 3767 1459 3831 prasentit
1469 3778 1525 3821 et

514 3834 761 3907 predic-it.

577 3914 691 3982 657.
729 3915 1033 3965 Praevertunt
1062 3932 1140 3964 me
1149 3913 1291 3980 sata.
1335 3913 1524 3970 Occu-

512 4002 640 4062 pant
666 4010 751 4044 me
776 4000 831 4045 et
848 3988 1175 4059 impediunt;
1199 3990 1395 4043 namin
1409 3992 1525 4047 satis

514 4081 659 4139 erat,
695 4078 756 4125 ut
776 4078 1008 4124 verterer
1042 4068 1100 4121 in
1137 4086 1343 4138 equam.
1380 4067 1524 4139 Ergo

1621 2209 1983 2274 transformor,
1994 2206 2295 2276 priusquam
2312 2204 2546 2258 finierim
2554 2223 2633 2256 va·

1618 2287 1872 2340 ticinium.
1885 2315 1952 2327 -
1965 2289 2295 2343 Praecludere.
2323 2283 2559 2339 solemne
2577 2284 2628 2336 in

1620 2364 1717 2420 hac
1737 2385 1809 2418 re.
1825 2364 2102 2430 Phaeer,
2126 2364 2225 2416 sab.
2253 2379 2296 2415 11
2312 2403 2328 2429 ‚
2357 2362 2632 2416 262wcen

1609 2446 2072 2510 precludilmetus;
2088 2443 2123 2506 s,
2139 2457 2307 2505 xxm,
2335 2444 2365 2493 5
2379 2478 2395 2506 ,
2413 2444 2634 2507 leugam

1609 2524 1928 2588 praeludere.
1946 2547 2015 2558 —
2034 2518 2216 2572 Codex
2235 2527 2418 2571 noster
2441 2516 2634 2587 Regius

1619 2598 1665 2651 Β
1681 2638 1697 2665 ,
1735 2599 1892 2651 habet
1907 2603 2243 2665 precedunt,
2287 2595 2383 2650 sed
2407 2597 2584 2648 forsan
2607 2612 2635 2646 e

1620 2676 1798 2748 glossa.
1830 2678 1931 2728 Ed.

1683 2754 1800 2806 663.
1831 2757 2061 2821 Cognata
2080 2772 2314 2820 corpora,
2342 2750 2464 2821 quia
2487 2761 2637 2821 pater

1620 2851 1683 2886 ex
1715 2842 1861 2902 parte
1897 2850 2078 2901 equus.
2119 2829 2227 2884 Sed
2267 2830 2353 2882 ille
2387 2849 2450 2882 ex
2488 2839 2635 2897 parte

1621 2920 1829 2964 tantum
1857 2921 1910 2964 et
1933 2911 2185 2978 besornu's,
2226 2927 2322 2962 cur
2352 2907 2515 2977 igitur
2538 2924 2638 2976 ego

1618 2996 1728 3041 tola
1748 2999 1925 3041 vertor
1954 2988 2011 3041 in
2035 3005 2227 3056 equam
2248 2986 2273 3038 ἲ
2314 3013 2383 3027 ·-
2408 2986 2630 3054 Nempe,

1622 3067 1828 3137 quippe·

1687 3145 1802 3200 665.
1844 3150 1994 3200 Talia
2011 3149 2213 3200 dicenti.
2250 3144 2450 3198 Passim
2477 3143 2643 3198 ovid.

1622 3226 1775 3296 fingit
1792 3266 1814 3294 ,,
1829 3228 1989 3280 verba
2004 3225 2266 3297 loquentis
2283 3224 2508 3294 abrupta
2530 3242 2640 3278 esse

1620 3305 1730 3374 ipsa
1752 3306 2210 3360 transformatione
2226 3343 2243 3370 ,
2269 3303 2463 3357 111353.
2487 3301 2641 3355 Idem

1619 3401 1767 3436 nunc
1789 3383 1939 3436 latius
1971 3394 2187 3449 tractat,
2225 3393 2279 3436 et
2302 3380 2587 3435 transitum
2613 3399 2642 3432 a

1620 3477 1746 3513 voce
1770 3458 2005 3514 humana
2028 3457 2092 3512 ad
2119 3458 2356 3512 hinnitus
2379 3455 2644 3526 gradatim

1621 3536 1894 3604 describit,
1919 3548 1980 3591 ut
1999 3536 2097 3590 586
2122 3555 2231 3606 seq.
2253 3537 2316 3589 ab
2341 3535 2551 3588 incessu
2574 3532 2644 3587 ad

1620 3615 1871 3669 volatum.
1908 3617 1972 3670 ln
1997 3615 2183 3668 talibus
2201 3655 2217 3680 ,
2250 3615 2443 3684 quippe
2473 3632 2647 3684 argu-

1619 3692 1704 3746 tiis
1720 3731 1737 3760 ,
1754 3694 1945 3764 placuit
1959 3693 2057 3747 sibi
2071 3691 2348 3763 ingenium
2373 3701 2561 3762 poete.
2579 3717 2648 3732 —

1621 3770 1789 3823 Fuere.
1826 3770 2050 3824 Heinsio
2083 3767 2366 3837 aliquando
2407 3767 2646 3838 placebat

1605 3845 1871 3911 serualur,
1905 3858 1964 3900 ut
1985 3849 2098 3914 483.
2120 3875 2187 3889 ·-
2207 3847 2386 3900 Nostri
2415 3844 2644 3900 Codices

1621 3922 1668 3975 A
1697 3934 1751 3977 et
1783 3925 1829 3978 B
1849 3963 1866 3991 ,
1881 3926 2107 3994 stema!-
2144 3924 2243 3978 Ed.
2279 3953 2348 3965 —
2373 3926 2646 3977 &halan-

1620 4004 1712 4060 Ielr,
1742 4000 2011 4056 imitantis.
2042 4002 2174 4056 Mox
2194 4005 2304 4057 edit
2323 4010 2488 4055 certos
2510 4005 2646 4053 hin-

1617 4079 1784 4141 nitus,
1812 4079 1990 4147 quales
2002 4097 2158 4136 verus
2171 4099 2339 4151 equus
2356 4079 2498 4148 edit,
2525 4098 2641 4134 non
