2975 4784
585 359 1615 430 METAMORPHOSEON
1666 364 1851 430 LIB.
1894 365 2080 441 VII.

2265 364 2394 459 497

295 501 614 602 Squamea
645 498 957 601 Cinyphii
992 499 1206 573 tenuis
1233 499 1614 573 membrana
1644 500 1930 602 chelydri
1956 560 1976 592 ‚

295 615 688 716 Vivacisque
718 615 900 713 jecur
931 614 1140 701 cervi3
1176 613 1419 714 quibus
1451 614 1719 716 insuper
1749 616 1931 690 addit

301 733 441 807 Ora
466 747 792 830 caputque
820 757 1056 803 novem
1086 727 1363 801 cornicis
1394 728 1612 803 secula
1641 758 1862 830 passae.

299 848 425 922 llis
458 864 523 919 et
553 844 729 919 mille
766 844 909 919 aliis
943 862 1297 944 postquam
1329 844 1470 918 sine
1503 844 1769 919 nomine
1802 845 2002 920 rebus

2307 875 2405 944 275

300 960 731 1063 Propositum
763 961 1075 1034 instruxit
1101 949 1363 1033 mortali
1393 959 1675 1033 barbara
1706 988 1946 1034 munus
1972 991 1990 1049 3

304 1077 541 1152 Arenti
572 1104 752 1149 ramo
776 1075 1161 1175 jampridem
1193 1074 1372 1147 mitis
1404 1074 1590 1147 olivae

311 1196 556 1272 Omnia
590 1192 972 1280 confundit,
999 1191 1397 1292 summisque
1430 1189 1782 1264 immiscuit
1818 1191 1965 1264 ima.

314 1378 486 1433 Tibul.
503 1379 588 1433 III
601 1417 617 1444 ‚
642 1394 698 1444 v,
719 1398 780 1429 υ
794 1416 808 1442 ,
838 1379 964 1428 dura
981 1380 1128 1427 tertia
1142 1394 1315 1442 regna,

314 1459 405 1512 ubi
427 1458 528 1511 vid.
559 1457 813 1527 Heynius.
849 1453 1138 1508 Glareanus
1160 1457 1322 1505 tenuis·

316 1537 384 1591 ad
402 1537 795 1608 chelydn’resert
812 1573 828 1600 ‚
854 1545 907 1587 et
930 1552 1045 1587 rem
1060 1533 1133 1587 sic
1155 1552 1321 1602 expe-

317 1612 395 1667 dit
424 1634 438 1668 z
475 1632 585 1667 non
622 1611 896 1680 cujuslibet
935 1612 1174 1681 Cinyphii
1199 1611 1321 1662 che-

315 1694 479 1762 Isari,
511 1689 600 1743 sed
618 1693 793 1742 lenuis.
807 1687 1148 1753 —Profic!a‚
1182 1697 1322 1739 exta:

319 1768 421 1823 vid.
466 1766 719 1821 Cellarius
764 1764 828 1819 ad
865 1764 1119 1819 Lactantii
1154 1764 1323 1817 Instit.

321 1847 425 1912 IV,
452 1861 606 1899 xxvn
625 1884 640 1911 ,
676 1846 722 1911 4.
746 1870 814 1882 -
836 1844 969 1894 Illic.
1001 1839 1182 1894 Codex
1206 1839 1326 1892 Re·-

322 1923 435 1994 gius
453 1923 527 1990 A,
548 1926 651 1983 illi,
675 1921 865 1974 scilicet
885 1916 1122 1980 Medeae;
1146 1914 1328 1969 Codex

321 2004 369 2059 B
385 2044 401 2070 ‚
415 2007 543 2063 e‘llelr,
561 2003 714 2056 rebus
728 2010 881 2054 antea
896 1997 1214 2052 memoratis.
1230 1998 1330 2048 Ed.

321 2111 389 2123 -
415 2084 710 2153 Cbelyffmr,
735 2097 829 2132 seu
858 2081 1045 2149 hydms
1073 2095 1102 2130 e
1139 2092 1330 2145 genere

322 2157 647 2226 serpentium
664 2194 680 2220 ‚
701 2151 1218 2208 soetoreintolerabili
1237 2158 1334 2203 est.

325 2232 593 2288 Nicander
611 2271 628 2296 ‚
655 2231 893 2285 Theriac.
911 2232 968 2296 [μ
981 2250 1001 2282 1
1020 2247 1130 2297 sqq.
1153 2254 1218 2268 -·
1244 2222 1338 2278 cai·

324 2329 452 2382 nyps
465 2349 479 2371 ,
509 2308 688 2379 Libya
701 2307 888 2359 fluvius
902 2344 918 2371 ,
944 2306 1000 2357 in
1012 2305 1185 2358 sinum
1199 2304 1331 2373 Syr-

327 2387 492 2441 ticum
503 2404 557 2439 se
574 2401 947 2436 exonerans.—
956 2384 1160 2436 Ve‘vactlr
1175 2384 1332 2442 cervi,

330 2466 650 2541 τιηακορώνου
665 2480 680 2513 2
693 2468 819 2513 nam
830 2471 1015 2528 quater
1025 2457 1244 2511 cornicis
1261 2476 1338 2509 se-

330 2543 445 2599 cula
456 2560 667 2597 corvus:
686 2540 946 2593 Ausonius
957 2577 974 2606 ,
990 2536 1055 2590 de
1070 2546 1218 2590 etate
1233 2534 1338 2588 ani·

332 2622 453 2677 mal.
474 2624 574 2675 Ed.
611 2648 676 2660 -
717 2621 987 2675 meaa-ibus
1022 2626 1198 2670 autem
1232 2614 1344 2667 istis

331 2700 456 2754 feris
476 2700 579 2753 vita
599 2697 754 2767 ldnga
777 2697 1086 2749 transfertur
1102 2693 1158 2746 in
1183 2691 1343 2744 AEso-

336 2796 480 2830 nem.
507 2803 573 2816 —
605 2777 790 2831 Novem
810 2777 1024 2827 cerari-125
1042 2782 1141 2824 etc.
1183 2767 1342 2839 Apud

338 2854 635 2908 Hesiodum
668 2850 846 2905 cornix
878 2851 1003 2903 vivit
1037 2851 1158 2903 ι’ννεᾶ
1194 2850 1346 2914 γενέσει

337 2933 513 3007 &velpem
543 2929 643 2982 :ab
673 2927 863 2991 Arato,
894 2927 948 2979 in
977 2923 1343 2979 Phoenomenis

339 3009 531 3062 dicitur
556 3024 763 3076 quoque
790 3008 1033 3072 ἕννσᾶχηριε
1055 3008 1238 3078 κορώνη.
1266 3004 1346 3056 lta

243 3107 248 3115 ·
343 3087 537 3143 Nestor
570 3082 1025 3136 triseclisenex..-
1045 3083 1229 3133 Novem
1253 3098 1348 3132 se·-

343 3167 673 3229 culapaesu5
699 3176 817 3227 qun
840 3168 1048 3211 etatem
1070 3156 1350 3210 hominum

344 3241 525 3295 novies
545 3237 819 3307 superavit.

411 3317 895 3387 275.Sabessnonine‚
922 3312 1199 3383 ignobiles,
1221 3331 1353 3382 qua-

346 3413 468 3448 rum
495 3408 693 3446 nomen
716 3407 1131 3445 commemorare
1163 3389 1237 3441 nil
1261 3399 1352 3441 at-

348 3473 498 3526 tinet.
516 3469 727 3523 AEneid.
751 3469 858 3535 IX,
879 3468 975 3535 343
990 3506 1006 3535 ,
1028 3472 1140 3521 sine
1159 3471 1356 3520 nomine

339 3553 550 3617 plebem.
571 3576 639 3588 -
663 3546 825 3600 MSS.
850 3564 1033 3599 omnes
1057 3584 1074 3611 ,
1119 3547 1354 3598 mortali:

349 3626 440 3681 sed
458 3646 626 3697 quum
638 3627 693 3678 in
708 3644 817 3679 uno
834 3625 998 3696 glossa
1012 3623 1184 3678 addita
1202 3631 1354 3689 esset,

349 3709 510 3767 idest,
526 3710 582 3758 iu
592 3712 851 3767 mortario,
873 3706 1057 3758 Heius.
1075 3702 1219 3755 dedit
1236 3722 1358 3754 mor-

350 3786 472 3845 lan‘,
504 3781 644 3850 quod
658 3792 711 3835 et
726 3781 907 3834 Barth.
920 3781 1138 3835 Advers.
1150 3779 1354 3846 XXXI,

353 3860 386 3913 3
399 3898 415 3927 ‚
431 3858 753 3926 conjecerat,
771 3868 825 3911 et
838 3858 1088 3926 approbat
1103 3858 1361 3909 Burman·

354 3957 470 3993 nus.
486 3937 691 3989 Verum
704 3942 915 3989 mortam
923 3955 992 3989 ne
1008 3936 1228 3988 verbum
1242 3935 1362 4005 qui-

356 4016 481 4071 dem
501 4016 725 4071 latinum
746 4025 824 4068 est
839 4053 856 4081 ,
888 4014 1028 4083 quod
1053 4016 1158 4084 ipse
1187 4014 1363 4069 Hein-

357 4097 463 4151 sius
499 4096 691 4150 fatetur
712 4116 740 4169 ;·
761 4093 934 4148 Latini
968 4095 1113 4148 enim
1140 4092 1324 4149 dicunt
1346 4131 1363 4160 ,

556 4209 710 4276 III.

1416 1377 1703 1426 mortarium
1727 1393 1744 1424 .-
1768 1373 1990 1425 Lenzius
2020 1372 2179 1441 igitur
2206 1374 2424 1442 conjun-

1417 1450 1490 1520 git
1504 1455 1736 1511 morteri,
1764 1449 2027 1515 mortarii,
2053 1468 2252 1509 munus,
2282 1462 2339 1502 ut
2362 1452 2426 1504 sit

1416 1529 1617 1597 poetica
1648 1526 2038 1581 circumlocutio
2073 1527 2231 1596 ipsius
2268 1546 2425 1580 mor-

1419 1606 1552 1658 tarii.
1578 1607 1698 1659 Non
1720 1604 1898 1675 placet,
1919 1605 2055 1673 Quis
2077 1606 2219 1658 enim
2246 1615 2395 1673 putet
2412 1645 2428 1671 ,

1420 1683 1671 1737 Medeam
1692 1723 1706 1749 ,
1744 1683 1828 1735 illa
1850 1682 2196 1736 medicamina
2231 1684 2336 1751 jam
2371 1684 2427 1736 in

1421 1762 1594 1816 aheno
1609 1772 1769 1828 cocta,
1786 1764 1999 1816 nuncin
2019 1764 2329 1816 mortarium
2344 1764 2432 1815 in-

1423 1842 1617 1910 tulisse,
1630 1843 1801 1912 ibique
1818 1840 2142 1896 instruxisse?
2156 1842 2268 1895 Nec
2276 1859 2435 1911 porro

1422 1922 1691 1990 sequentia
1716 1922 1815 1975 hoc
1838 1922 2108 1991 patiuntur
2130 1961 2146 1987 ‚
2171 1921 2258 1973 ubi
2284 1940 2433 1973 ramo

1425 2001 1604 2053 omnia
1627 1999 1903 2054 confundit
1927 2022 1942 2064 3
1992 2012 2046 2054 et
2080 2018 2202 2052 mox
2224 2002 2438 2052 ahenum

1426 2097 1604 2132 rursus
1619 2077 1807 2131 diserte
1823 2088 2287 2143 commemoratur,
2308 2077 2443 2130 sicut

1425 2158 1564 2210 bene
1586 2157 1788 2210 notavit
1811 2155 2152 2210 Schirachius.
2190 2155 2438 2223 Denique

1430 2233 1634 2303 vulgata
1656 2231 1810 2287 lectio
1825 2252 2037 2305 sensum
2054 2233 2210 2285 habet
2222 2251 2334 2284 non
2352 2232 2441 2283 in*

1431 2309 1788 2363 commodum.
1809 2309 1938 2362 AEso
1958 2324 2101 2362 nunc
2121 2313 2348 2361 mortalis
2363 2307 2442 2360 di-

1432 2388 1568 2441 citur
1594 2389 1699 2440 sive
1720 2427 1735 2454 ,
1762 2399 1821 2440 ut
1845 2387 2172 2441 Schirachius
2195 2388 2407 2457 putabat
2427 2427 2443 2453 ,

1435 2464 1556 2532 qnia
1576 2467 1735 2517 senex
1758 2465 1865 2531 jam
1890 2464 2182 2534 decrepitus
2205 2475 2260 2517 et
2284 2465 2446 2517 morti

1435 2541 1700 2610 proximus
1721 2553 1859 2604 erat3
1885 2543 1990 2595 sive
2010 2582 2024 2609 ,
2051 2541 2191 2611 quod
2206 2560 2304 2611 ego
2328 2560 2446 2594 ma-

1434 2617 1529 2670 lim
1548 2614 1706 2687 {quia
1724 2617 2064 2673 nihilominus
2084 2624 2311 2672 mortale?
2331 2637 2451 2672 ma-

1437 2698 1597 2751 nebat
1610 2736 1625 2764 ,
1650 2697 1744 2750 etsi
1764 2697 1812 2749 ei
1828 2697 1935 2751 istis
1948 2698 2346 2752 medicamentis
2361 2698 2454 2767 ju-

1437 2785 1625 2828 ventus
1663 2772 1989 2828 redderetur.
2024 2803 2094 2815 —
2134 2766 2451 2843 Pro'posae‘tum

1438 2872 1645 2920 munau
1660 2851 2106 2907 medicamentum
2120 2863 2297 2906 autem
2322 2850 2453 2904 illud

1441 2934 1655 3005 parabat
1678 2934 1791 2988 seni
1814 2933 2005 2987 mulier
2026 2937 2279 2996 borbat-05
2308 2929 2452 3000 quod

1441 3013 1694 3068 invidiose
1717 3011 1953 3066 additum
1977 3023 2122 3081 puto.
2145 3012 2327 3079 ltaque
2352 3029 2454 3063 nec

1442 3089 1580 3144 hanc
1595 3108 1777 3144 vocem
1793 3090 1985 3144 tentari
2002 3089 2452 3143 debebat—Bar-

1445 3169 1572 3219 bam
1586 3169 1770 3220 Medea
1792 3168 1951 3220 etiam
1975 3165 2113 3236 apud
2134 3165 2417 3219 Horatium
2435 3204 2451 3230 ,

1447 3245 1547 3315 Ep.
1571 3260 1627 3311 v,
1652 3245 1716 3296 62
1741 3264 1754 3298 ε
1780 3245 2028 3315 Heinsius
2046 3255 2222 3298 tamen
2244 3255 2299 3297 et
2314 3245 2459 3297 Bur-

1448 3338 1675 3376 mannus
1697 3322 1922 3391 probant
1942 3320 2158 3374 Daumii
2178 3322 2459 3375 correctio-

1449 3419 1579 3453 nem
1594 3439 1609 3466 ,
1633 3417 1731 3468 pro
1744 3402 1959 3452 barbara
1972 3400 2274 3469 reponentis
2286 3438 2303 3466 ,
2323 3418 2463 3451 neat·-

1449 3497 1583 3532 more
1601 3518 1616 3541 ‚
1662 3478 1715 3531 id
1756 3489 1835 3532 est
1857 3518 1873 3544 ,
1917 3479 1973 3531 in
2002 3497 2268 3532 marmore
2298 3496 2455 3531 mor-

1452 3556 1570 3611 tarii
1591 3578 1606 3621 ;
1630 3557 1685 3609 in
1710 3557 1964 3610 mortario
1988 3574 2303 3609 marmoreo.

1520 3654 1579 3704 27
1588 3653 1630 3703 7.
1643 3634 1808 3687 Man.
1830 3635 2052 3688 Lenzius
2064 3635 2458 3703 interpretatur,

1452 3731 1572 3782 quae
1588 3714 1695 3782 jam
1713 3712 1803 3766 diu
1820 3713 1971 3768 desiit
1990 3715 2185 3766 fructus
2198 3713 2355 3767 serre.
2385 3711 2463 3765 Ea

1456 3810 1582 3844 vero
1603 3791 1751 3844 notio
1776 3811 1887 3844 voc.
1919 3796 2055 3844 milis
2078 3810 2183 3860 quo
2213 3791 2329 3858 iure
2366 3790 2464 3842 in-

1458 3881 1660 3924 seratur
1677 3910 1691 3936 ,
1722 3888 1830 3923 non
1857 3868 2025 3923 video.
2073 3870 2216 3923 Num
2244 3868 2466 3923 Ovidius

1449 3954 1615 4018 pulnlr
1636 3947 1836 4017 scripsit
1859 3946 1883 3999 ?
1916 3950 2060 4000 Rode
2081 3947 2253 4001 omisit
2270 3948 2322 3998 in
2346 3966 2467 3998 ver-

1458 4027 1620 4082 sione.
1651 4053 1718 4068 --
1740 4029 2058 4091 Immtlrcm‘15
2103 4025 2425 4079 Genevensis
2451 4064 2466 4089 ,

1458 4110 1738 4170 temetscuit,
1769 4103 1909 4173 quod
1931 4105 2097 4174 placet
2121 4104 2432 4157 Burmanno
2452 4140 2469 4167 ,

2113 4207 2196 4273 32
