2975 4784
534 381 671 449 DE
746 379 1082 450 OPERE
1140 380 2182 452 METAMORPHOSEON.
2354 387 2428 454 13

298 523 652 614 catoriam,
675 522 1089 619 magicam),
1124 520 1347 612 lusus,
1370 524 1577 612 rixas,
1603 522 2235 628 lotiones,nuptias,
2269 555 2432 601 con-

297 656 504 744 vivia,
530 656 887 733 certamina
901 711 921 745 ,
942 655 1099 730 item
1123 683 1269 756 qun
1292 655 1376 729 iis
1397 653 1498 730 vel
1517 656 1944 752 contingunt,
1964 657 2063 731 vel
2091 657 2428 749 accidunt,

300 806 421 864 aut
447 817 487 862 a
512 805 750 862 natura
778 786 1032 862 tributa
1051 805 1240 875 sunt,
1270 786 1625 874 diluvium,
1649 805 1929 889 pestem,
1958 787 2224 877 famem,
2249 817 2430 863 som·-

302 947 502 1007 num,
542 920 831 1007 somnia,
868 935 1359 1019 paupertatem,
1394 947 1600 1020 opum
1629 918 2095 993 abundantiam
2115 975 2135 1007 ,
2163 920 2434 995 dilania-

304 1050 560 1125 tionem
588 1106 608 1140 ,
668 1049 1181 1151 discerptionem
1227 1050 1678 1125 membrorum
1705 1107 1724 1138 ,
1758 1049 2172 1146 naufragium
2195 1107 2214 1139 ,
2259 1050 2435 1126 mille

300 1183 537 1256 mortis
563 1210 825 1279 genera.
861 1180 1127 1255 Partem
1151 1180 1368 1254 adhuc
1392 1210 1615 1254 rerum
1643 1182 2094 1281 expositarum
2119 1184 2432 1258 recensui.

300 1312 656 1388 Accedunt
678 1313 853 1387 enim
872 1309 1307 1410 plurimarum
1326 1336 1576 1399 rerum,
1605 1338 1768 1411 quas
1795 1328 1861 1385 et
1879 1329 2113 1387 natura
2134 1313 2436 1414 protulit,

298 1460 370 1517 et
410 1460 764 1545 poetarum
812 1441 1079 1537 ingenia
1127 1438 1498 1527 finxerunt,
1547 1439 2068 1541 descriptione&
2105 1444 2280 1518 sedis
2313 1473 2438 1520 cae-

296 1572 527 1659 lestis,
555 1572 747 1668 regiae
763 1571 942 1646 Solis
964 1599 1115 1645 cum
1142 1599 1341 1645 curru
1367 1569 1570 1644 solari
1589 1589 1656 1646 et
1679 1572 1872 1671 equis
1888 1628 1909 1662 ,
1941 1572 2084 1648 caeli
2105 1573 2436 1663 stelliferi,

298 1703 711 1790 inferorum,
735 1702 1199 1791 animantium,
1226 1702 1639 1804 plantarum,
1665 1704 2029 1792 montium,
2051 1705 2434 1796 fluviorum,

300 1834 630 1923 fontium,
669 1850 1013 1909 ventorum
1047 1844 1666 1936 tempestatumque:
1716 1836 1941 1936 Atque
1972 1837 2109 1912 baec
2141 1840 2234 1914 ita
2264 1858 2437 1916 trac-

304 1984 440 2046 tata
490 1983 692 2054 sunt,
747 1982 826 2040 ut
869 1965 1089 2041 omnia
1121 1965 1257 2041 fere
1292 1966 1453 2041 artis
1484 1966 1827 2041 rhetoricae
1863 1986 1931 2042 et
1961 1971 2234 2070 poeticae
2264 2000 2437 2072 prae-

309 2117 500 2200 cepta
523 2096 841 2200 exemplis
865 2126 947 2173 ex
977 2098 1107 2171 hoc
1131 2126 1327 2199 opere
1357 2099 1586 2200 petitis
1608 2098 1926 2174 illustrari
1947 2102 2234 2201 possint.
2258 2105 2437 2178 Con-

314 2232 487 2305 tinet
521 2232 697 2305 enim
728 2230 1137 2306 narrationes
1159 2287 1179 2320 ,
1225 2232 1561 2306 orationes
1578 2287 1598 2321 ,
1636 2232 1953 2332 epistolas
1972 2288 1991 2322 ,
2038 2233 2392 2334 soliloquia
2417 2291 2437 2321 ,

305 2362 692 2436 notationes
721 2392 977 2438 morum
996 2419 1016 2455 ,
1045 2362 1527 2464 descriptiones
1559 2360 1939 2452 hominum,
1969 2362 2298 2451 locorum,
2337 2395 2440 2442 re·-

298 2524 450 2571 rum
477 2552 498 2585 ,
536 2494 820 2596 hymnos
845 2550 865 2584 ,
911 2494 1100 2570 lusus
1143 2495 1436 2591 ingenii,
1493 2511 1572 2569 ut
1620 2522 1878 2569 carmen
1909 2495 2333 2595 pastoritium
2372 2517 2440 2573 et

302 2635 885 2728 παρωιλαυσίθυρον,
915 2628 1458 2730 prosopopoeias,
1498 2626 2004 2715 similitudines»,
2038 2629 2398 2704 sententias
2419 2687 2437 2719 ,

304 2763 637 2850 acumina,
676 2760 923 2859 figuras
959 2762 1172 2834 omnis
1208 2760 1488 2858 generis.
1526 2762 1624 2835 Ea
1652 2788 1808 2834 vero
1839 2760 2225 2835 tractatione
2261 2790 2436 2837 nunc

298 2895 581 2994 jucundi
608 2913 676 2968 et
697 2894 905 2968 teneri
932 2921 1166 2967 sensus
1192 2893 1263 2965 in
1290 2892 1511 2965 animo
1535 2888 1816 2986 legentis
1837 2892 2227 2981 excitantur,
2258 2922 2439 2968 nunc

306 3025 834 3102 vehementiores
870 3024 1164 3099 adfectus
1198 3041 1720 3099 commoventur.

414 3157 687 3245 Restat,
741 3174 822 3230 ut
844 3158 977 3256 jam
1021 3156 1390 3244 videamus,
1431 3185 1568 3256 quo
1628 3166 1939 3233 successu
1990 3155 2103 3233 illa
2155 3159 2439 3234 Ovidius

288 3270 744 3363 exornaverit.
787 3286 1331 3364 Conformaverat
1361 3287 1704 3383 ingenium
1738 3287 1823 3360 ad
1865 3291 2440 3389 praestantissimo-

300 3451 496 3513 rum,
532 3451 705 3523 quos
746 3422 997 3497 Graecia
1022 3439 1089 3496 et
1120 3424 1341 3497 Roma
1370 3419 1695 3507 tulerant,
1732 3439 2077 3523 poetarum
2101 3423 2440 3525 exempla3

296 3587 522 3660 neque
555 3558 721 3634 adeo
756 3558 1000 3637 mirum
1031 3574 1167 3645 est,
1200 3556 1451 3658 passim
1483 3582 1634 3628 eum
1660 3555 1925 3630 eosdem
1955 3558 2120 3631 etin
2151 3556 2443 3658 disposi-

296 3693 493 3767 tione
516 3720 739 3767 rerum
767 3691 1256 3767 tractandarum
1283 3689 1446 3765 etin
1478 3690 1883 3764 ornamentis
1901 3688 2131 3765 multis
2151 3689 2442 3765 titillando

295 3822 727 3926 expressisse.
756 3820 949 3896 Pleni
972 3839 1132 3895 sunt
1152 3839 1502 3921 poetarum
1524 3821 1862 3924 principes
1877 3877 1897 3910 ,
1932 3823 2265 3896 Homerus
2288 3822 2444 3894 Vir-

301 3958 652 4060 giliusque
673 4013 693 4047 ,
743 3958 840 4032 sic
891 3956 1069 4032 enim
1136 3953 1386 4029 Iliados
1435 3972 1503 4029 et
1551 3954 1876 4030 AEneidos
1927 3956 2098 4029 ratio
2146 3955 2402 4030 serebat
2421 4006 2440 4037 ,

294 4089 549 4191 praliis
587 4088 1058 4189 caedibusque,
1088 4086 1161 4160 in
1192 4085 1436 4188 quibus
1457 4086 1873 4174 enarrandis,
1906 4113 1989 4161 ne
2018 4085 2285 4161 taedium
2311 4081 2446 4157 lec·
