2975 4784
537 309 669 395 44⁸
685 355 702 374 ·

1078 307 1158 373 Ρ.
1220 305 1575 375 OVIDII
1631 301 2092 376 NASONIS

539 453 630 524 Et
661 445 1074 550 perlucentes
1109 475 1452 523 numerare
1489 448 1558 521 in
1589 465 1855 550 pectore
1886 446 2108 522 fibras.

536 562 738 639 Illum
771 560 1114 652 ruricolae,
1148 563 1460 638 silvarum
1493 565 1802 651 numina,
1830 564 2078 651 Fauni,

537 680 630 754 Et
663 678 881 780 Satyri
913 678 1187 766 fratreS,
1221 695 1290 752 et
1321 696 1476 752 tunc
1511 707 1781 779 quoque
1816 677 2032 752 clarus
2062 676 2392 779 Olympus
2412 736 2434 769 ‚

539 797 632 871 Et
664 789 987 897 Nymphas
1020 794 1299 883 flerunt3
1336 812 1406 869 et
1438 794 1743 896 quisquis
1778 793 2127 868 montibus
2160 792 2293 866 illis

535 910 1039 1012 Lanigerosque
1068 939 1333 1007 greges,
1372 927 1796 1011 armentaque
1826 909 2071 983 bucera
2101 910 2301 1010 pavit.

2559 929 2661 1000 ³9⁵

534 1024 800 1100 Fertilis
835 1025 1216 1114 immaduit,
1252 1024 1744 1126 madefactaque
1777 1041 1948 1098 terra
1981 1023 2261 1099 caducas

538 1142 867 1243 Concepit
899 1141 1213 1244 lacrymas
1233 1197 1254 1231 ,
1291 1169 1365 1215 ac
1393 1142 1578 1216 venis
1612 1141 1909 1243 perbibit
1940 1142 2128 1229 imis;

536 1258 725 1356 Quas
760 1256 878 1330 ubi
909 1256 1066 1331 fecit
1097 1284 1365 1358 aquam,
1402 1284 1637 1331 vacuas
1669 1256 1887 1331 emisit
1917 1256 1988 1329 in
2020 1285 2254 1332 auras:

472 1407 483 1421 ·
534 1374 704 1449 Inde
733 1392 966 1475 petens
997 1373 1304 1476 rapidum
1334 1373 1501 1473 ripis
1536 1371 1901 1447 declivibus
1936 1401 2166 1473 aequor
2186 1428 2205 1459 ‚

537 1492 800 1591 Marsya
836 1517 1079 1563 nomen
1113 1488 1358 1576 habet,
1395 1488 1698 1590 Phrygiae
1733 1487 2214 1589 liquidissimus
2246 1490 2476 1564 amnis.
2560 1512 2657 1579 4⁰⁰

635 1608 719 1677 V.
753 1604 1034 1679 Talibus
1065 1604 1397 1707 extemplo
1427 1604 1603 1679 redit
1626 1604 1708 1680 ad
1743 1604 2090 1707 praesentia
2122 1605 2318 1679 dictis

537 1825 658 1860 rum
684 1806 885 1876 agitur,
908 1814 1231 1873 usurpantur
1255 1822 1269 1856 z
1297 1803 1401 1857 vid.
1427 1801 1555 1857 Cio-

538 1887 690 1939 ssnus
701 1894 755 1936 st
771 1883 1193 1935 Burmannus.——
1202 1883 1426 1945 Wtscem,
1445 1900 1553 1935 eor.

538 1964 801 2016 -Posstn
827 1956 1014 2012 Codex
1033 1958 1230 2027 Regius
1256 1958 1302 2011 A
1321 1997 1338 2025 ,
1354 1978 1554 2027 posses.

603 2040 716 2111 393.
744 2037 829 2091 De
864 2038 1107 2108 Olym,
1133 2035 1384 2107 discipulo
1404 2038 1554 2091 Mar-

535 2135 661 2189 syoe,
675 2115 814 2180 vide,
830 2124 1020 2184 prater
1038 2114 1276 2183 superius
1291 2113 1523 2169 laudatos
1535 2154 1551 2181 ,

545 2192 786 2248 Eustath.
804 2192 869 2246 ad
884 2192 1187 2245 Homerum
1199 2191 1293 2257 ,11.
1308 2192 1356 2244 Α
1373 2231 1389 2258 ,
1407 2212 1456 2261 p.
1473 2212 1553 2245 αι.

541 2270 822 2324 Pausanias
835 2309 850 2336 ,
877 2268 1038 2323 Phoc.
1063 2289 1113 2338 p.
1156 2271 1281 2340 873,
1321 2269 1552 2322 tabulam

539 2347 637 2402 Pol
673 2348 820 2418 gnoti
830 2346 1105 2414 describit,
1127 2346 1182 2400 in
1200 2365 1303 2415 qua
1327 2347 1552 2418 Marsyoe

619 2424 631 2436 '
673 2425 791 2478 ebat
815 2423 1108 2495 Olympus,
1139 2423 1319 2477 habitu
1338 2423 1550 2477 adoles-

533 2502 699 2556 centis
713 2502 783 2555 ita
797 2541 814 2569 ,
833 2512 894 2554 ut
907 2502 1043 2555 tibiis
1058 2500 1254 2555 discere
1269 2500 1554 2555 videretur.

540 2581 754 2636 Invenit
764 2580 952 2635 modos
974 2581 1039 2635 ad
1056 2581 1235 2635 tibiam
1255 2621 1272 2648 ,
1297 2583 1386 2652 qui
1402 2602 1554 2636 com·

533 2671 905 2715 memorantur
915 2662 978 2715 ab
993 2661 1246 2731 Euripide
1261 2702 1277 2729 ,
1295 2661 1409 2732 Iph.
1430 2663 1552 2717 Aul.

537 2739 635 2808 576
651 2759 666 2801 ς
688 2738 774 2791 ubi
791 2737 907 2791 vide
919 2739 1134 2792 names.
1151 2738 1201 2791 Is
1214 2745 1334 2791 tunc
1347 2758 1548 2808 qnoque,

533 2817 743 2870 vivente
762 2814 933 2870 adbuc
948 2816 1198 2885 magistro
1216 2855 1231 2881 ,
1255 2820 1425 2869 clarus
1438 2835 1549 2870 esse

533 2893 705 2963 copit-
754 2892 911 2962 Apud
960 2893 1235 2964 Hyginum
1251 2934 1265 2955 ‚
1322 2892 1551 2966 Marsya

532 2990 721 3040 corpus
748 2969 1066 3039 discerptum
1102 2972 1151 3024 ei
1187 2970 1548 3039 sepeliendum

534 3047 774 3102 traditur.
801 3047 989 3116 Etipse
1004 3047 1058 3100 in
1077 3049 1436 3102 monumentis
1451 3068 1550 3102 an·-

533 3127 691 3196 tiquis
701 3145 836 3196 sepe
853 3126 1093 3182 occurrit.
1113 3126 1357 3198 Heynius
1369 3126 1424 3180 in
1441 3129 1549 3181 An·

531 3212 652 3276 tiqn.
677 3205 830 3273 Aust.
857 3208 920 3260 P.
941 3222 989 3260 11
1008 3245 1024 3273 ,
1050 3226 1099 3277 p.
1124 3206 1547 3280 (iq—Nympho.

533 3283 692 3354 Apud
711 3282 1045 3350 Athenoeum,
1069 3285 1224 3351 XIV,
1238 3305 1287 3351 a,
1300 3283 1548 3356 Nympha

533 3360 740 3431 genitus
778 3360 934 3414 fuisse
963 3371 1224 3414 narratur.
1248 3388 1317 3402 —
1347 3363 1549 3428 Bucera

527 3447 755 3492 armenta
767 3479 782 3501 ,
823 3439 995 3492 boves.
1020 3440 1221 3492 Bucen
1235 3480 1249 3500 ,
1290 3448 1511 3493 cornuta
1527 3478 1544 3508 ,

531 3534 561 3568 e
587 3536 763 3587 graecns
786 3525 894 3576 βοῦς
907 3527 961 3569 et
975 3520 1105 3591 κίμς
1119 3518 1380 3571 vocabulis
1399 3539 1414 3580 ς
1438 3517 1550 3571 Ln-

531 3605 658 3648 cret.
677 3634 694 3662 ,
731 3593 819 3647 ubi
842 3597 1023 3646 bucera
1055 3599 1199 3647 secla
1214 3635 1230 3658 ,
1262 3606 1316 3648 et
1340 3599 1547 3649 buc-mk

520 3691 696 3740 ‘reges
716 3681 1018 3726 occurrunt.

592 3747 706 3819 395.
724 3750 958 3801 σαώσει
968 3787 982 3810 ,
1010 3744 1308 3801 decidentes
1320 3788 1337 3813 ,
1352 3746 1548 3815 utsolia

524 3821 738 3880 caduca.
751 3854 820 3868 ·—
836 3829 1086 3894 Concepit.
1108 3824 1337 3895 Excepit.
1361 3828 1459 3881 Ed.
1479 3855 1548 3868 —

533 3904 689 3956 Venis·
695 3907 916 3970 perbibi!
931 3910 1080 3971 ιἠιὶςς
1104 3922 1260 3957 venas
1277 3914 1429 3957 terrae
1441 3925 1547 3974 pu-

523 3991 578 4033 ta
615 3999 723 4033 esse
761 3991 965 4035 meatus
1001 4000 1255 4052 aquarum
1289 3990 1344 4035 et
1377 3982 1543 4052 spiri-

528 4068 693 4112 tuum.
721 4059 817 4111 Ed.

1717 1805 1831 1876 ³98.
1877 1807 2081 1859 Vacm
2100 1810 2153 1858 ἐκ
2176 1823 2333 1858 ινιτ
2365 1805 2468 1871 (ita
2494 1800 2660 1857 cod?-

1649 1901 1734 1936 ces
1746 1882 1914 1936 nostri
1929 1882 2120 1953 Regii).
2131 1882 2507 1935 Burmannuse
2518 1879 2657 1933 Can·

1649 1960 1780 2013 tabr.
1803 1970 1855 2015 et
1878 1959 2159 2015 Basileensi
2174 1962 2381 2030 prefert
2398 1978 2578 2011 uncus
2598 1964 2660 2011 in

1645 2057 1808 2106 ems.
1834 2037 1940 2092 Sed
1957 2058 2146 2091 menas
2159 2057 2318 2091 atras
2328 2056 2433 2090 non
2445 2047 2524 2089 est
2534 2056 2661 2089 mu-

1648 2115 1884 2169 tandum.
1910 2118 2131 2169 Vacunn
2145 2135 2271 2169 aera
2284 2115 2525 2168 dixerunt
2535 2114 2662 2167 Vir-

1647 2194 1826 2263 gilius,
1850 2193 2044 2263 Georg.
2070 2195 2155 2248 III
2180 2234 2197 2261 ,
2242 2214 2337 2267 ¹⁰9
2356 2234 2373 2261 ,
2397 2204 2451 2247 et
2476 2194 2658 2247 Hor-a·-

1646 2272 1780 2339 tius,
1810 2273 1870 2338 1,
1897 2271 2004 2327 Od.
2027 2287 2129 2336 111,
2160 2272 2241 2338 34.
2276 2274 2655 2325 Ρκωοωιι

1646 2352 1873 2416 -Βίμῖσ
1893 2352 2190 2410 declivibus,
2215 2348 2400 2419 pronis
2414 2350 2660 2419 atquein·

1646 2426 1866 2481 clinatis.
1892 2429 1991 2480 Ed.

1712 2507 1829 2570 400.
1851 2506 2091 2575 Marsyas
2108 2502 2303 2557 fluvius
2318 2503 2455 2557 haud
2484 2504 2657 2573 prom!

1647 2600 1679 2633 a
1714 2578 1940 2635 Celoenis
1959 2619 1975 2646 ,
2014 2580 2100 2633 ubi
2140 2580 2392 2635 habitavit
2431 2582 2660 2653 Marsyas

1645 2658 1891 2724 musicus,
1912 2659 1963 2709 in
1986 2656 2325 2711 Maeaudrum
2350 2656 2661 2710 influitvid.

1648 2735 1821 2789 Livius
1838 2774 1853 2801 ,
1900 2735 2199 2790 XXXVIII
2222 2774 2239 2802 ,
2282 2738 2369 2796 13;
2409 2734 2623 2789 Curtius
2642 2775 2659 2798 ,

1650 2813 1762 2877 111,
1813 2832 1834 2864 ι
1856 2835 1870 2875 ;
1900 2811 2231 2881 Palaephatus
2254 2852 2273 2878 ,
2312 2812 2361 2865 d.
2385 2812 2416 2865 l.
2439 2812 2544 2866 sed
2563 2832 2665 2866 se-

1646 2890 1883 2945 cundum
1904 2891 2030 2945 alios
2058 2910 2168 2944 non
2189 2913 2218 2945 e
2243 2892 2479 2964 lacrymis
2498 2910 2661 2962 popu-

1645 2968 1872 3035 larium,
1913 2988 2099 3023 verum
2134 2989 2196 3023 ex
2230 2970 2391 3040 ipsius
2413 2970 2658 3039 sanguine

1646 3046 1932 3101 fluviusille
1948 3057 2092 3100 ortus
2114 3058 2206 3102 est.
2236 3048 2579 3113 Plutarchus,
2596 3047 2657 3101 de

1645 3123 2006 3192 Fluminibus,
2038 3145 2100 3178 ex
2128 3126 2276 3179 Alex.
2309 3124 2564 3180 Cornelio
2582 3125 2658 3179 ad·

1646 3202 1742 3271 dit,
1754 3213 1807 3257 et
1823 3203 2189 3274 Satyrosortos
2199 3222 2261 3257 ex
2272 3204 2659 3274 eimungme.

1720 3285 1918 3351 401-4ι
1931 3304 1973 3336 ι.
2010 3285 2212 3349 Pelopis
2246 3287 2484 3337 lunens
2513 3290 2659 3338 ebe-

1643 3377 1781 3411 neus.
1807 3359 1995 3429 Pelops
2013 3398 2029 3425 ,
2067 3359 2278 3414 Tantali
2304 3360 2443 3414 filius
2460 3400 2477 3425 ,
2522 3371 2659 3414 tem-

1643 3454 1771 3505 pore
1793 3436 1979 3491 Acrisii
2003 3437 2057 3489 in
2082 3436 2345 3491 Graeciam
2372 3440 2548 3505 venit,
2568 3439 2659 3491 ibi-

1644 3535 1746 3585 que
1761 3526 1816 3570 et
1829 3516 2192 3587 magnitudine
2210 3516 2656 3587 divitia-umqum

1642 3611 1818 3646 secum
1837 3592 2108 3646 advexerat
2129 3632 2145 3659 ,
2162 3604 2217 3646 et
2242 3593 2587 3647 multitudine
2604 3594 2655 3646 Β·

1640 3672 1891 3726 berorum
1904 3683 2102 3726 tantam
2115 3684 2479 3742 consequutus
2488 3685 2565 3727 est
2576 3690 2653 3741 po—

1643 3746 1864 3800 tentiam
1881 3749 2199 3816 famamque,
2217 3758 2278 3801 ut
2294 3748 2653 3819 Peloponneso

1641 3845 1841 3880 nornen
1866 3826 2028 3879 daret.
2053 3825 2294 3898 Tburyd.
2325 3828 2350 3880 1
2370 3867 2386 3894 ‚
2410 3847 2481 3899 93
2525 3827 2651 3880 Pin-

1642 3903 1803 3956 tarch.
1817 3903 1975 3957 Thes.
1995 3923 2102 3973 p.2.
2119 3903 2230 3957 Sed
2245 3903 2335 3957 bic
2352 3903 2417 3957 de
2436 3904 2650 3956 humero

1641 3984 1755 4051 ejus
1768 3982 1994 4036 fabulose
2008 3983 2193 4051 agitur.
2211 3982 2468 4037 Tantalus
2479 3982 2616 4035 enim
2628 4019 2647 4042 ,

1641 4078 1808 4130 quum
1819 4058 1961 4114 Deos
1973 4059 2252 4130 aliquando
2266 4060 2501 4116 convivio
2514 4077 2647 4113 exte·
