<?xml version="1.0" encoding="UTF-8"?>
<!DOCTYPE html PUBLIC "-//W3C//DTD XHTML 1.0 Transitional//EN"
    "http://www.w3.org/TR/xhtml1/DTD/xhtml1-transitional.dtd">
<html xmlns="http://www.w3.org/1999/xhtml" xml:lang="en" lang="en">
 <head>
  <title>
</title>
<meta http-equiv="Content-Type" content="text/html;charset=utf-8" />
  <meta name='ocr-system' content='tesseract 3.04.00' />
  <meta name='ocr-capabilities' content='ocr_page ocr_carea ocr_par ocr_line ocrx_word'/>
</head>
<body>
  <div class='ocr_page' id='page_1' title='image "./publiiovidiinas04unkngoog_0043.png"; bbox 0 0 2975 4784; ppageno 0'>
   <div class='ocr_carea' id='block_1_1' title="bbox 311 385 2441 1032">
    <p class='ocr_par' dir='ltr' id='par_1_1' title="bbox 311 385 2441 1032">
     <span class='ocr_line' id='line_1_1' title="bbox 536 385 2430 459; baseline -0.004 0"><span class='ocrx_word' id='word_1_1' title='bbox 536 392 669 459; x_wconf 85' lang='lat' dir='ltr'><strong>DE</strong></span> <span class='ocrx_word' id='word_1_2' title='bbox 732 389 1069 459; x_wconf 75' lang='lat' dir='ltr'>OPERE</span> <span class='ocrx_word' id='word_1_3' title='bbox 1123 385 2193 459; x_wconf 84' lang='lat' dir='ltr'><strong>METAMORPHOSEON.</strong></span> <span class='ocrx_word' id='word_1_4' title='bbox 2360 409 2430 451; x_wconf 76' lang='grc' dir='ltr'><strong>ιι</strong></span> 
     </span>
     <span class='ocr_line' id='line_1_2' title="bbox 472 528 1764 615; baseline -0.004 -22"><span class='ocrx_word' id='word_1_5' title='bbox 472 530 639 593; x_wconf 78' lang='lat' dir='ltr'><strong>Parte</strong></span> <span class='ocrx_word' id='word_1_6' title='bbox 665 530 758 590; x_wconf 80' lang='lat' dir='ltr'><strong>sui</strong></span> <span class='ocrx_word' id='word_1_7' title='bbox 787 529 1023 591; x_wconf 87' lang='lat' dir='ltr'><strong>meliore</strong></span> <span class='ocrx_word' id='word_1_8' title='bbox 1050 529 1234 615; x_wconf 77' lang='lat' dir='ltr'><strong>viget,</strong></span> <span class='ocrx_word' id='word_1_9' title='bbox 1261 529 1555 613; x_wconf 83' lang='lat' dir='ltr'><strong>majorque</strong></span> <span class='ocrx_word' id='word_1_10' title='bbox 1586 528 1764 590; x_wconf 76' lang='lat' dir='ltr'><strong>videri</strong></span> 
     </span>
     <span class='ocr_line' id='line_1_3' title="bbox 477 633 1817 720; baseline -0.002 -23"><span class='ocrx_word' id='word_1_11' title='bbox 477 636 703 718; x_wconf 74' lang='lat' dir='ltr'><strong>Coepit,</strong></span> <span class='ocrx_word' id='word_1_12' title='bbox 730 647 792 696; x_wconf 87' lang='lat' dir='ltr'><strong>et</strong></span> <span class='ocrx_word' id='word_1_13' title='bbox 813 647 1051 719; x_wconf 81' lang='lat' dir='ltr'><strong>augusta</strong></span> <span class='ocrx_word' id='word_1_14' title='bbox 1077 633 1201 696; x_wconf 81' lang='lat' dir='ltr'><strong>fieri</strong></span> <span class='ocrx_word' id='word_1_15' title='bbox 1223 634 1496 720; x_wconf 79' lang='lat' dir='ltr'><strong>gravitate</strong></span> <span class='ocrx_word' id='word_1_16' title='bbox 1520 633 1817 702; x_wconf 77' lang='lat' dir='ltr'><strong>verendus.</strong></span> 
     </span>
     <span class='ocr_line' id='line_1_4' title="bbox 311 788 2441 897; baseline -0.001 -31"><span class='ocrx_word' id='word_1_17' title='bbox 311 792 443 866; x_wconf 85' lang='lat' dir='ltr'><strong>His</strong></span> <span class='ocrx_word' id='word_1_18' title='bbox 477 790 688 886; x_wconf 79' lang='lat' dir='ltr'><strong>igitur</strong></span> <span class='ocrx_word' id='word_1_19' title='bbox 717 808 784 865; x_wconf 86' lang='lat' dir='ltr'><strong>et</strong></span> <span class='ocrx_word' id='word_1_20' title='bbox 824 788 1070 866; x_wconf 89' lang='lat' dir='ltr'><strong>talibus</strong></span> <span class='ocrx_word' id='word_1_21' title='bbox 1106 789 1449 886; x_wconf 77' lang='lat' dir='ltr'>ingenim</span> <span class='ocrx_word' id='word_1_22' title='bbox 1488 789 1650 864; x_wconf 87' lang='lat' dir='ltr'><strong>satis</strong></span> <span class='ocrx_word' id='word_1_23' title='bbox 1675 789 2049 865; x_wconf 80' lang='lat' dir='ltr'><strong>ostentavit.</strong></span> <span class='ocrx_word' id='word_1_24' title='bbox 2093 788 2314 897; x_wconf 63' lang='lat' dir='ltr'><strong>lynca</strong></span> <span class='ocrx_word' id='word_1_25' title='bbox 2343 806 2441 864; x_wconf 89' lang='lat' dir='ltr'><strong>ta-</strong></span> 
     </span>
     <span class='ocr_line' id='line_1_5' title="bbox 315 923 2441 1032; baseline -0.002 -33"><span class='ocrx_word' id='word_1_26' title='bbox 315 953 503 1013; x_wconf 85' lang='lat' dir='ltr'><strong>men,</strong></span> <span class='ocrx_word' id='word_1_27' title='bbox 527 925 601 998; x_wconf 89' lang='lat' dir='ltr'><strong>in</strong></span> <span class='ocrx_word' id='word_1_28' title='bbox 618 953 818 1026; x_wconf 88' lang='lat' dir='ltr'><strong>quam</strong></span> <span class='ocrx_word' id='word_1_29' title='bbox 848 923 1104 1032; x_wconf 50' lang='lat' dir='ltr'><strong>Quotus</strong></span> <span class='ocrx_word' id='word_1_30' title='bbox 1125 940 1445 1012; x_wconf 85' lang='lat' dir='ltr'><strong>mutatus,</strong></span> <span class='ocrx_word' id='word_1_31' title='bbox 1466 952 1612 997; x_wconf 89' lang='lat' dir='ltr'><strong>non</strong></span> <span class='ocrx_word' id='word_1_32' title='bbox 1635 923 2016 1025; x_wconf 78' lang='lat' dir='ltr'><strong>descripsit3</strong></span> <span class='ocrx_word' id='word_1_33' title='bbox 2032 951 2247 1023; x_wconf 89' lang='lat' dir='ltr'><strong>neque</strong></span> <span class='ocrx_word' id='word_1_34' title='bbox 2270 923 2441 1007; x_wconf 81' lang='lat' dir='ltr'><strong>cin&#39;n,</strong></span> 
     </span>
    </p>
   </div>
   <div class='ocr_carea' id='block_1_2' title="bbox 186 1051 2444 1157">
    <p class='ocr_par' dir='ltr' id='par_1_2' title="bbox 186 1051 2444 1157">
     <span class='ocr_line' id='line_1_6' title="bbox 186 1051 2444 1157; baseline -0.001 -26"><span class='ocrx_word' id='word_1_35' title='bbox 186 1060 191 1065; x_wconf 72' lang='grc'><strong>’</strong></span> <span class='ocrx_word' id='word_1_36' title='bbox 316 1056 508 1156; x_wconf 86' lang='lat' dir='ltr'><strong>cujus</strong></span> <span class='ocrx_word' id='word_1_37' title='bbox 523 1054 807 1130; x_wconf 82' lang='lat' dir='ltr'><strong>formam</strong></span> <span class='ocrx_word' id='word_1_38' title='bbox 827 1052 1047 1156; x_wconf 84' lang='lat' dir='ltr'><strong>Scylla</strong></span> <span class='ocrx_word' id='word_1_39' title='bbox 1064 1053 1417 1144; x_wconf 87' lang='lat' dir='ltr'><strong>adsumsit;</strong></span> <span class='ocrx_word' id='word_1_40' title='bbox 1448 1083 1830 1157; x_wconf 82' lang='lat' dir='ltr'>quanquam</span> <span class='ocrx_word' id='word_1_41' title='bbox 1852 1053 1968 1129; x_wconf 94' lang='lat' dir='ltr'><strong>illa</strong></span> <span class='ocrx_word' id='word_1_42' title='bbox 1987 1052 2122 1128; x_wconf 83' lang='lat' dir='ltr'><strong>fera</strong></span> <span class='ocrx_word' id='word_1_43' title='bbox 2139 1051 2444 1141; x_wconf 84' lang='lat' dir='ltr'><strong>maculis,</strong></span> 
     </span>
    </p>
   </div>
   <div class='ocr_carea' id='block_1_3' title="bbox 316 1185 2484 4204">
    <p class='ocr_par' dir='ltr' id='par_1_3' title="bbox 316 1185 2450 1421">
     <span class='ocr_line' id='line_1_7' title="bbox 316 1185 2450 1290; baseline -0.002 -27"><span class='ocrx_word' id='word_1_44' title='bbox 316 1188 455 1263; x_wconf 72' lang='lat' dir='ltr'><strong>haec</strong></span> <span class='ocrx_word' id='word_1_45' title='bbox 499 1189 641 1263; x_wconf 81' lang='lat' dir='ltr'><strong>avis</strong></span> <span class='ocrx_word' id='word_1_46' title='bbox 686 1185 1188 1290; x_wconf 82' lang='lat' dir='ltr'>pulchritudine</span> <span class='ocrx_word' id='word_1_47' title='bbox 1223 1186 1510 1283; x_wconf 84' lang='lat' dir='ltr'><strong>insignis</strong></span> <span class='ocrx_word' id='word_1_48' title='bbox 1551 1217 1568 1261; x_wconf 73' lang='grc' dir='ltr'><strong>ε</strong></span> <span class='ocrx_word' id='word_1_49' title='bbox 1613 1215 1736 1261; x_wconf 91' lang='lat' dir='ltr'><strong>nec</strong></span> <span class='ocrx_word' id='word_1_50' title='bbox 1770 1215 1922 1262; x_wconf 81' lang='lat' dir='ltr'><strong>aves</strong></span> <span class='ocrx_word' id='word_1_51' title='bbox 1957 1186 2119 1261; x_wconf 88' lang='lat' dir='ltr'><strong>satis</strong></span> <span class='ocrx_word' id='word_1_52' title='bbox 2158 1185 2414 1260; x_wconf 81' lang='lat' dir='ltr'><strong>notavit</strong></span> <span class='ocrx_word' id='word_1_53' title='bbox 2432 1241 2450 1273; x_wconf 91' lang='lat'>‚</span> 
     </span>
     <span class='ocr_line' id='line_1_8' title="bbox 318 1316 2158 1421; baseline -0.003 -27"><span class='ocrx_word' id='word_1_54' title='bbox 318 1346 601 1421; x_wconf 87' lang='lat' dir='ltr'><strong>quarum</strong></span> <span class='ocrx_word' id='word_1_55' title='bbox 628 1317 911 1414; x_wconf 79' lang='lat' dir='ltr'><strong>figuram</strong></span> <span class='ocrx_word' id='word_1_56' title='bbox 946 1317 1181 1394; x_wconf 81' lang='lat' dir='ltr'><strong>Letoia</strong></span> <span class='ocrx_word' id='word_1_57' title='bbox 1213 1316 1540 1418; x_wconf 76' lang='lat' dir='ltr'>Meleagri</span> <span class='ocrx_word' id='word_1_58' title='bbox 1570 1318 1919 1393; x_wconf 85' lang='lat' dir='ltr'><strong>sororibus</strong></span> <span class='ocrx_word' id='word_1_59' title='bbox 1954 1316 2158 1392; x_wconf 85' lang='lat' dir='ltr'><strong>dedit.</strong></span> 
     </span>
    </p>

    <p class='ocr_par' dir='ltr' id='par_1_4' title="bbox 317 1449 2484 4204">
     <span class='ocr_line' id='line_1_9' title="bbox 416 1449 2458 1553; baseline -0.001 -27"><span class='ocrx_word' id='word_1_60' title='bbox 416 1454 675 1528; x_wconf 86' lang='lat' dir='ltr'><strong>Verum</strong></span> <span class='ocrx_word' id='word_1_61' title='bbox 701 1451 1317 1528; x_wconf 81' lang='lat' dir='ltr'><strong>transformationes</strong></span> <span class='ocrx_word' id='word_1_62' title='bbox 1338 1453 1533 1553; x_wconf 68' lang='lat' dir='ltr'><strong>ipsae,</strong></span> <span class='ocrx_word' id='word_1_63' title='bbox 1556 1452 1712 1527; x_wconf 89' lang='lat' dir='ltr'><strong>licet</strong></span> <span class='ocrx_word' id='word_1_64' title='bbox 1725 1451 1880 1527; x_wconf 90' lang='lat' dir='ltr'><strong>inde</strong></span> <span class='ocrx_word' id='word_1_65' title='bbox 1900 1478 2161 1528; x_wconf 89' lang='lat' dir='ltr'><strong>carmen</strong></span> <span class='ocrx_word' id='word_1_66' title='bbox 2185 1449 2458 1552; x_wconf 86' lang='lat' dir='ltr'><strong>inscrip-</strong></span> 
     </span>
     <span class='ocr_line' id='line_1_10' title="bbox 323 1580 2454 1685; baseline -0 -28"><span class='ocrx_word' id='word_1_67' title='bbox 323 1600 469 1657; x_wconf 89' lang='lat' dir='ltr'><strong>tum</strong></span> <span class='ocrx_word' id='word_1_68' title='bbox 505 1583 599 1656; x_wconf 90' lang='lat' dir='ltr'><strong>sit</strong></span> <span class='ocrx_word' id='word_1_69' title='bbox 617 1638 637 1671; x_wconf 86' lang='lat'>‚</span> <span class='ocrx_word' id='word_1_70' title='bbox 682 1583 1024 1659; x_wconf 85' lang='lat' dir='ltr'><strong>minimam</strong></span> <span class='ocrx_word' id='word_1_71' title='bbox 1056 1584 1199 1684; x_wconf 86' lang='lat' dir='ltr'><strong>ejus</strong></span> <span class='ocrx_word' id='word_1_72' title='bbox 1230 1602 1487 1685; x_wconf 84' lang='lat' dir='ltr'><strong>partem</strong></span> <span class='ocrx_word' id='word_1_73' title='bbox 1522 1584 1960 1660; x_wconf 86' lang='lat' dir='ltr'><strong>constituunt.</strong></span> <span class='ocrx_word' id='word_1_74' title='bbox 2023 1586 2122 1657; x_wconf 87' lang='lat' dir='ltr'><strong>Ut</strong></span> <span class='ocrx_word' id='word_1_75' title='bbox 2161 1580 2454 1684; x_wconf 87' lang='lat' dir='ltr'><strong>amplum</strong></span> 
     </span>
     <span class='ocr_line' id='line_1_11' title="bbox 317 1712 2454 1819; baseline -0 -31"><span class='ocrx_word' id='word_1_76' title='bbox 317 1712 635 1815; x_wconf 87' lang='lat' dir='ltr'><strong>prodiret</strong></span> <span class='ocrx_word' id='word_1_77' title='bbox 658 1742 862 1816; x_wconf 65' lang='lat' dir='ltr'><strong>opm,</strong></span> <span class='ocrx_word' id='word_1_78' title='bbox 898 1734 1030 1793; x_wconf 84' lang='lat' dir='ltr'><strong>tam</strong></span> <span class='ocrx_word' id='word_1_79' title='bbox 1064 1745 1140 1792; x_wconf 89' lang='lat' dir='ltr'><strong>ea</strong></span> <span class='ocrx_word' id='word_1_80' title='bbox 1171 1734 1367 1819; x_wconf 88' lang='lat' dir='ltr'><strong>poeta</strong></span> <span class='ocrx_word' id='word_1_81' title='bbox 1399 1717 1668 1819; x_wconf 85' lang='lat' dir='ltr'><strong>copiose</strong></span> <span class='ocrx_word' id='word_1_82' title='bbox 1694 1733 2078 1819; x_wconf 86' lang='lat' dir='ltr'><strong>persecutus</strong></span> <span class='ocrx_word' id='word_1_83' title='bbox 2106 1732 2242 1803; x_wconf 84' lang='lat' dir='ltr'><strong>est,</strong></span> <span class='ocrx_word' id='word_1_84' title='bbox 2276 1714 2454 1790; x_wconf 90' lang='lat' dir='ltr'><strong>unde</strong></span> 
     </span>
     <span class='ocr_line' id='line_1_12' title="bbox 319 1846 2453 1951; baseline -0.001 -30"><span class='ocrx_word' id='word_1_85' title='bbox 319 1846 895 1949; x_wconf 85' lang='lat' dir='ltr'><strong>metamorphoses</strong></span> <span class='ocrx_word' id='word_1_86' title='bbox 937 1849 1261 1949; x_wconf 88' lang='lat' dir='ltr'><strong>pendent,</strong></span> <span class='ocrx_word' id='word_1_87' title='bbox 1299 1878 1498 1951; x_wconf 88' lang='lat' dir='ltr'><strong>quam</strong></span> <span class='ocrx_word' id='word_1_88' title='bbox 1531 1848 1659 1924; x_wconf 90' lang='lat' dir='ltr'><strong>alia</strong></span> <span class='ocrx_word' id='word_1_89' title='bbox 1701 1848 2050 1925; x_wconf 85' lang='lat' dir='ltr'><strong>admiscuit</strong></span> <span class='ocrx_word' id='word_1_90' title='bbox 2089 1876 2130 1922; x_wconf 91' lang='lat' dir='ltr'><strong>a</strong></span> <span class='ocrx_word' id='word_1_91' title='bbox 2172 1846 2453 1922; x_wconf 87' lang='lat' dir='ltr'><strong>consilio</strong></span> 
     </span>
     <span class='ocr_line' id='line_1_13' title="bbox 319 1979 2454 2056; baseline 0.001 -3"><span class='ocrx_word' id='word_1_92' title='bbox 319 2009 457 2055; x_wconf 88' lang='lat' dir='ltr'><strong>non</strong></span> <span class='ocrx_word' id='word_1_93' title='bbox 486 1980 724 2056; x_wconf 86' lang='lat' dir='ltr'><strong>aliena.</strong></span> <span class='ocrx_word' id='word_1_94' title='bbox 776 1980 1216 2056; x_wconf 84' lang='lat' dir='ltr'><strong>Phaethontis</strong></span> <span class='ocrx_word' id='word_1_95' title='bbox 1248 1981 1385 2056; x_wconf 81' lang='lat' dir='ltr'><strong>fata</strong></span> <span class='ocrx_word' id='word_1_96' title='bbox 1414 1979 1667 2056; x_wconf 89' lang='lat' dir='ltr'><strong>nullam</strong></span> <span class='ocrx_word' id='word_1_97' title='bbox 1698 1979 1951 2055; x_wconf 86' lang='lat' dir='ltr'><strong>habent</strong></span> <span class='ocrx_word' id='word_1_98' title='bbox 1980 1980 2209 2054; x_wconf 81' lang='lat' dir='ltr'><strong>formae</strong></span> <span class='ocrx_word' id='word_1_99' title='bbox 2240 1996 2454 2055; x_wconf 87' lang='lat' dir='ltr'><strong>muta·</strong></span> 
     </span>
     <span class='ocr_line' id='line_1_14' title="bbox 326 2109 2455 2211; baseline -0.001 -24"><span class='ocrx_word' id='word_1_100' title='bbox 326 2114 619 2201; x_wconf 79' lang='lat' dir='ltr'><strong>tionem3</strong></span> <span class='ocrx_word' id='word_1_101' title='bbox 644 2115 730 2189; x_wconf 86' lang='lat' dir='ltr'><strong>iis</strong></span> <span class='ocrx_word' id='word_1_102' title='bbox 754 2131 973 2188; x_wconf 87' lang='lat' dir='ltr'><strong>tamen</strong></span> <span class='ocrx_word' id='word_1_103' title='bbox 1006 2142 1313 2209; x_wconf 81' lang='lat' dir='ltr'><strong>magnam</strong></span> <span class='ocrx_word' id='word_1_104' title='bbox 1340 2110 1502 2187; x_wconf 85' lang='lat' dir='ltr'><strong>libri</strong></span> <span class='ocrx_word' id='word_1_105' title='bbox 1530 2110 1808 2191; x_wconf 80' lang='lat' dir='ltr'><strong>secundi</strong></span> <span class='ocrx_word' id='word_1_106' title='bbox 1840 2127 2095 2211; x_wconf 86' lang='lat' dir='ltr'><strong>partem</strong></span> <span class='ocrx_word' id='word_1_107' title='bbox 2125 2109 2455 2211; x_wconf 77' lang='lat' dir='ltr'><strong>implevit,</strong></span> 
     </span>
     <span class='ocr_line' id='line_1_15' title="bbox 328 2241 2460 2345; baseline -0.001 -26"><span class='ocrx_word' id='word_1_108' title='bbox 328 2262 412 2319; x_wconf 90' lang='lat' dir='ltr'><strong>ut</strong></span> <span class='ocrx_word' id='word_1_109' title='bbox 435 2273 559 2345; x_wconf 87' lang='lat' dir='ltr'><strong>per</strong></span> <span class='ocrx_word' id='word_1_110' title='bbox 591 2273 667 2319; x_wconf 91' lang='lat' dir='ltr'><strong>ea</strong></span> <span class='ocrx_word' id='word_1_111' title='bbox 697 2243 778 2318; x_wconf 90' lang='lat' dir='ltr'><strong>ad</strong></span> <span class='ocrx_word' id='word_1_112' title='bbox 810 2272 1073 2320; x_wconf 86' lang='lat' dir='ltr'><strong>sorores</strong></span> <span class='ocrx_word' id='word_1_113' title='bbox 1108 2244 1449 2333; x_wconf 85' lang='lat' dir='ltr'><strong>transiret,</strong></span> <span class='ocrx_word' id='word_1_114' title='bbox 1473 2243 1547 2316; x_wconf 87' lang='lat' dir='ltr'><strong>in</strong></span> <span class='ocrx_word' id='word_1_115' title='bbox 1571 2242 1842 2321; x_wconf 86' lang='lat' dir='ltr'><strong>arbores</strong></span> <span class='ocrx_word' id='word_1_116' title='bbox 1860 2298 1880 2331; x_wconf 90' lang='lat'>‚</span> <span class='ocrx_word' id='word_1_117' title='bbox 1918 2242 2079 2317; x_wconf 89' lang='lat' dir='ltr'><strong>dum</strong></span> <span class='ocrx_word' id='word_1_118' title='bbox 2102 2241 2323 2315; x_wconf 88' lang='lat' dir='ltr'><strong>fratris</strong></span> <span class='ocrx_word' id='word_1_119' title='bbox 2354 2270 2460 2316; x_wconf 90' lang='lat' dir='ltr'><strong>ca-</strong></span> 
     </span>
     <span class='ocr_line' id='line_1_16' title="bbox 328 2371 2462 2473; baseline -0.002 -21"><span class='ocrx_word' id='word_1_120' title='bbox 328 2406 483 2452; x_wconf 88' lang='lat' dir='ltr'><strong>sum</strong></span> <span class='ocrx_word' id='word_1_121' title='bbox 524 2374 794 2473; x_wconf 85' lang='lat' dir='ltr'><strong>lugent,</strong></span> <span class='ocrx_word' id='word_1_122' title='bbox 848 2406 1088 2454; x_wconf 80' lang='lat' dir='ltr'><strong>versas.</strong></span> <span class='ocrx_word' id='word_1_123' title='bbox 1148 2376 1443 2452; x_wconf 85' lang='lat' dir='ltr'><strong>Mutatio</strong></span> <span class='ocrx_word' id='word_1_124' title='bbox 1478 2402 1791 2451; x_wconf 90' lang='lat' dir='ltr'><strong>sororum</strong></span> <span class='ocrx_word' id='word_1_125' title='bbox 1833 2371 2157 2470; x_wconf 74' lang='lat' dir='ltr'><strong>Meleagri</strong></span> <span class='ocrx_word' id='word_1_126' title='bbox 2192 2372 2462 2449; x_wconf 87' lang='lat' dir='ltr'><strong>duobus</strong></span> 
     </span>
     <span class='ocr_line' id='line_1_17' title="bbox 327 2507 2460 2609; baseline 0.001 -28"><span class='ocrx_word' id='word_1_127' title='bbox 327 2509 635 2584; x_wconf 74' lang='lat' dir='ltr'><strong>versibus</strong></span> <span class='ocrx_word' id='word_1_128' title='bbox 672 2508 1078 2601; x_wconf 80' lang='lat' dir='ltr'><strong>absolvitur3</strong></span> <span class='ocrx_word' id='word_1_129' title='bbox 1104 2510 1221 2586; x_wconf 82' lang='lat' dir='ltr'><strong>sed</strong></span> <span class='ocrx_word' id='word_1_130' title='bbox 1246 2510 1331 2586; x_wconf 91' lang='lat' dir='ltr'><strong>ad</strong></span> <span class='ocrx_word' id='word_1_131' title='bbox 1357 2537 1500 2586; x_wconf 89' lang='lat' dir='ltr'><strong>eam</strong></span> <span class='ocrx_word' id='word_1_132' title='bbox 1524 2507 1913 2605; x_wconf 80' lang='lat' dir='ltr'><strong>longissima</strong></span> <span class='ocrx_word' id='word_1_133' title='bbox 1937 2507 2050 2584; x_wconf 85' lang='lat' dir='ltr'><strong>illa</strong></span> <span class='ocrx_word' id='word_1_134' title='bbox 2079 2521 2242 2609; x_wconf 78' lang='grc' dir='ltr'><strong><em>ρήσει</em></strong></span> <span class='ocrx_word' id='word_1_135' title='bbox 2257 2510 2423 2584; x_wconf 86' lang='lat' dir='ltr'><strong>VIII</strong></span> <span class='ocrx_word' id='word_1_136' title='bbox 2440 2565 2460 2597; x_wconf 88' lang='lat'>‚</span> 
     </span>
     <span class='ocr_line' id='line_1_18' title="bbox 335 2639 2466 2746; baseline 0.002 -33"><span class='ocrx_word' id='word_1_137' title='bbox 335 2639 661 2735; x_wconf 75' lang='lat'>260-543</span> <span class='ocrx_word' id='word_1_138' title='bbox 685 2698 704 2732; x_wconf 87' lang='lat'>,</span> <span class='ocrx_word' id='word_1_139' title='bbox 743 2642 1153 2744; x_wconf 86' lang='lat' dir='ltr'><strong>pervenitur,</strong></span> <span class='ocrx_word' id='word_1_140' title='bbox 1193 2671 1338 2744; x_wconf 73' lang='lat' dir='ltr'><strong>quae</strong></span> <span class='ocrx_word' id='word_1_141' title='bbox 1388 2659 1533 2719; x_wconf 89' lang='lat' dir='ltr'><strong>tota</strong></span> <span class='ocrx_word' id='word_1_142' title='bbox 1564 2642 1635 2719; x_wconf 92' lang='lat' dir='ltr'><strong>in</strong></span> <span class='ocrx_word' id='word_1_143' title='bbox 1669 2642 1816 2745; x_wconf 88' lang='lat' dir='ltr'><strong>apri</strong></span> <span class='ocrx_word' id='word_1_144' title='bbox 1866 2641 2217 2746; x_wconf 83' lang='lat' dir='ltr'><strong>Calydonii</strong></span> <span class='ocrx_word' id='word_1_145' title='bbox 2268 2671 2466 2718; x_wconf 85' lang='lat' dir='ltr'><strong>vena-</strong></span> 
     </span>
     <span class='ocr_line' id='line_1_19' title="bbox 332 2772 2465 2878; baseline 0.001 -32"><span class='ocrx_word' id='word_1_146' title='bbox 332 2772 512 2848; x_wconf 85' lang='lat' dir='ltr'><strong>tione</strong></span> <span class='ocrx_word' id='word_1_147' title='bbox 558 2790 627 2848; x_wconf 91' lang='lat' dir='ltr'><strong>et</strong></span> <span class='ocrx_word' id='word_1_148' title='bbox 670 2773 742 2846; x_wconf 90' lang='lat' dir='ltr'><strong>in</strong></span> <span class='ocrx_word' id='word_1_149' title='bbox 787 2772 966 2849; x_wconf 91' lang='lat' dir='ltr'><strong>lucta</strong></span> <span class='ocrx_word' id='word_1_150' title='bbox 998 2772 1272 2850; x_wconf 74' lang='lat' dir='ltr'><strong>Althaeae</strong></span> <span class='ocrx_word' id='word_1_151' title='bbox 1289 2830 1308 2865; x_wconf 86' lang='lat'><strong>‚</strong></span> <span class='ocrx_word' id='word_1_152' title='bbox 1343 2773 1486 2850; x_wconf 87' lang='lat' dir='ltr'><strong>filio</strong></span> <span class='ocrx_word' id='word_1_153' title='bbox 1521 2800 1750 2851; x_wconf 85' lang='lat' dir='ltr'><strong>necem</strong></span> <span class='ocrx_word' id='word_1_154' title='bbox 1782 2775 2112 2878; x_wconf 72' lang='lat' dir='ltr'><strong>parantis,</strong></span> <span class='ocrx_word' id='word_1_155' title='bbox 2144 2792 2465 2850; x_wconf 81' lang='lat' dir='ltr'><strong>versatur.</strong></span> 
     </span>
     <span class='ocr_line' id='line_1_20' title="bbox 334 2905 2468 3008; baseline 0.001 -29"><span class='ocrx_word' id='word_1_156' title='bbox 334 2905 662 2980; x_wconf 84' lang='lat' dir='ltr'><strong>AEsonem</strong></span> <span class='ocrx_word' id='word_1_157' title='bbox 679 2961 700 2995; x_wconf 88' lang='lat'>,</span> <span class='ocrx_word' id='word_1_158' title='bbox 726 2905 1000 2981; x_wconf 80' lang='lat' dir='ltr'><strong>Jasonis</strong></span> <span class='ocrx_word' id='word_1_159' title='bbox 1016 2923 1271 3008; x_wconf 85' lang='lat' dir='ltr'><strong>patrem</strong></span> <span class='ocrx_word' id='word_1_160' title='bbox 1289 2963 1309 2996; x_wconf 91' lang='lat'>,</span> <span class='ocrx_word' id='word_1_161' title='bbox 1324 2907 1628 3008; x_wconf 84' lang='lat' dir='ltr'><strong>juvenem</strong></span> <span class='ocrx_word' id='word_1_162' title='bbox 1646 2907 1886 2985; x_wconf 84' lang='lat' dir='ltr'><strong>Medea</strong></span> <span class='ocrx_word' id='word_1_163' title='bbox 1897 2906 2291 2984; x_wconf 86' lang='lat' dir='ltr'><strong>reddiderat.</strong></span> <span class='ocrx_word' id='word_1_164' title='bbox 2318 2908 2468 2981; x_wconf 81' lang='lat' dir='ltr'><strong>Hoc</strong></span> 
     </span>
     <span class='ocr_line' id='line_1_21' title="bbox 338 3034 2468 3143; baseline 0.002 -31"><span class='ocrx_word' id='word_1_165' title='bbox 338 3055 724 3113; x_wconf 82' lang='lat' dir='ltr'><strong>narraturus</strong></span> <span class='ocrx_word' id='word_1_166' title='bbox 763 3034 1052 3114; x_wconf 86' lang='lat' dir='ltr'><strong>Ovidius</strong></span> <span class='ocrx_word' id='word_1_167' title='bbox 1082 3040 1245 3130; x_wconf 85' lang='lat' dir='ltr'>Vll,</span> <span class='ocrx_word' id='word_1_168' title='bbox 1301 3039 1611 3143; x_wconf 79' lang='lat'>¹59‘293</span> <span class='ocrx_word' id='word_1_169' title='bbox 1631 3099 1651 3132; x_wconf 90' lang='lat'>‚</span> <span class='ocrx_word' id='word_1_170' title='bbox 1678 3041 1749 3116; x_wconf 92' lang='lat' dir='ltr'><strong>in</strong></span> <span class='ocrx_word' id='word_1_171' title='bbox 1783 3059 1995 3117; x_wconf 88' lang='lat' dir='ltr'><strong>totam</strong></span> <span class='ocrx_word' id='word_1_172' title='bbox 2024 3059 2230 3118; x_wconf 85' lang='lat' dir='ltr'><strong>artem</strong></span> <span class='ocrx_word' id='word_1_173' title='bbox 2257 3039 2468 3137; x_wconf 79' lang='lat' dir='ltr'><strong>magi-</strong></span> 
     </span>
     <span class='ocr_line' id='line_1_22' title="bbox 342 3173 2473 3277; baseline 0.001 -31"><span class='ocrx_word' id='word_1_174' title='bbox 342 3199 488 3245; x_wconf 87' lang='lat' dir='ltr'><strong>cam</strong></span> <span class='ocrx_word' id='word_1_175' title='bbox 521 3173 829 3247; x_wconf 74' lang='lat' dir='ltr'><strong>excurrit.</strong></span> <span class='ocrx_word' id='word_1_176' title='bbox 869 3174 1130 3250; x_wconf 85' lang='lat' dir='ltr'><strong>Pestem</strong></span> <span class='ocrx_word' id='word_1_177' title='bbox 1149 3231 1170 3265; x_wconf 89' lang='lat'>,</span> <span class='ocrx_word' id='word_1_178' title='bbox 1210 3203 1356 3277; x_wconf 77' lang='lat' dir='ltr'><strong>quae</strong></span> <span class='ocrx_word' id='word_1_179' title='bbox 1397 3177 1713 3272; x_wconf 76' lang='lat' dir='ltr'><strong>AEginam</strong></span> <span class='ocrx_word' id='word_1_180' title='bbox 1754 3173 2040 3250; x_wconf 85' lang='lat' dir='ltr'><strong>insulam</strong></span> <span class='ocrx_word' id='word_1_181' title='bbox 2084 3176 2473 3251; x_wconf 83' lang='lat' dir='ltr'><strong>exhauserat</strong></span> 
     </span>
     <span class='ocr_line' id='line_1_23' title="bbox 338 3302 2469 3410; baseline 0.002 -33"><span class='ocrx_word' id='word_1_182' title='bbox 338 3302 614 3394; x_wconf 84' lang='lat' dir='ltr'><strong>incolis,</strong></span> <span class='ocrx_word' id='word_1_183' title='bbox 646 3307 1039 3410; x_wconf 81' lang='lat' dir='ltr'><strong>Minoisque</strong></span> <span class='ocrx_word' id='word_1_184' title='bbox 1072 3337 1222 3385; x_wconf 91' lang='lat' dir='ltr'><strong>cum</strong></span> <span class='ocrx_word' id='word_1_185' title='bbox 1249 3307 1775 3385; x_wconf 82' lang='lat' dir='ltr'><strong>Atheniensibus</strong></span> <span class='ocrx_word' id='word_1_186' title='bbox 1802 3307 2053 3383; x_wconf 88' lang='lat' dir='ltr'><strong>bellum</strong></span> <span class='ocrx_word' id='word_1_187' title='bbox 2076 3309 2276 3384; x_wconf 82' lang='lat' dir='ltr'><strong>nohis</strong></span> <span class='ocrx_word' id='word_1_188' title='bbox 2301 3310 2469 3395; x_wconf 86' lang='lat' dir='ltr'><strong>vll,</strong></span> 
     </span>
     <span class='ocr_line' id='line_1_24' title="bbox 340 3439 2470 3545; baseline 0.001 -32"><span class='ocrx_word' id='word_1_189' title='bbox 340 3439 488 3540; x_wconf 67' lang='lat'><strong>472</strong></span> <span class='ocrx_word' id='word_1_190' title='bbox 532 3468 681 3543; x_wconf 86' lang='lat' dir='ltr'><strong>sqq.</strong></span> <span class='ocrx_word' id='word_1_191' title='bbox 709 3497 729 3531; x_wconf 90' lang='lat'>‚</span> <span class='ocrx_word' id='word_1_192' title='bbox 774 3441 1035 3532; x_wconf 85' lang='lat' dir='ltr'><strong>retulit,</strong></span> <span class='ocrx_word' id='word_1_193' title='bbox 1069 3459 1152 3518; x_wconf 89' lang='lat' dir='ltr'><strong>ut</strong></span> <span class='ocrx_word' id='word_1_194' title='bbox 1183 3442 1688 3545; x_wconf 83' lang='lat' dir='ltr'><strong>Myrmidonum</strong></span> <span class='ocrx_word' id='word_1_195' title='bbox 1732 3470 1768 3518; x_wconf 93' lang='lat' dir='ltr'><strong>e</strong></span> <span class='ocrx_word' id='word_1_196' title='bbox 1816 3443 2111 3519; x_wconf 79' lang='lat' dir='ltr'><strong>formicis</strong></span> <span class='ocrx_word' id='word_1_197' title='bbox 2146 3442 2470 3539; x_wconf 78' lang='lat' dir='ltr'><strong>originem</strong></span> 
     </span>
     <span class='ocr_line' id='line_1_25' title="bbox 339 3570 2478 3678; baseline 0.001 -34"><span class='ocrx_word' id='word_1_198' title='bbox 339 3570 677 3672; x_wconf 77' lang='lat' dir='ltr'><strong>proderet.</strong></span> <span class='ocrx_word' id='word_1_199' title='bbox 733 3574 957 3649; x_wconf 87' lang='lat' dir='ltr'><strong>Locus</strong></span> <span class='ocrx_word' id='word_1_200' title='bbox 998 3577 1128 3650; x_wconf 87' lang='lat' dir='ltr'><strong>Vll</strong></span> <span class='ocrx_word' id='word_1_201' title='bbox 1148 3632 1169 3666; x_wconf 89' lang='lat'>,</span> <span class='ocrx_word' id='word_1_202' title='bbox 1214 3574 1472 3664; x_wconf 65' lang='lat'>1-1583</span> <span class='ocrx_word' id='word_1_203' title='bbox 1508 3575 1711 3651; x_wconf 85' lang='lat' dir='ltr'><strong>habet</strong></span> <span class='ocrx_word' id='word_1_204' title='bbox 1741 3576 2008 3678; x_wconf 87' lang='lat' dir='ltr'><strong>quidem</strong></span> <span class='ocrx_word' id='word_1_205' title='bbox 2039 3574 2478 3649; x_wconf 86' lang='lat' dir='ltr'><strong>mutationem</strong></span> 
     </span>
     <span class='ocr_line' id='line_1_26' title="bbox 342 3700 2478 3810; baseline 0.003 -37"><span class='ocrx_word' id='word_1_206' title='bbox 342 3700 653 3777; x_wconf 88' lang='lat' dir='ltr'><strong>dentium</strong></span> <span class='ocrx_word' id='word_1_207' title='bbox 674 3720 971 3781; x_wconf 83' lang='lat' dir='ltr'><strong>satorum</strong></span> <span class='ocrx_word' id='word_1_208' title='bbox 1000 3707 1073 3781; x_wconf 90' lang='lat' dir='ltr'><strong>in</strong></span> <span class='ocrx_word' id='word_1_209' title='bbox 1096 3707 1276 3781; x_wconf 79' lang='lat' dir='ltr'><strong>viros</strong></span> <span class='ocrx_word' id='word_1_210' title='bbox 1291 3762 1313 3797; x_wconf 91' lang='lat'>,</span> <span class='ocrx_word' id='word_1_211' title='bbox 1348 3706 1467 3783; x_wconf 88' lang='lat' dir='ltr'><strong>sed</strong></span> <span class='ocrx_word' id='word_1_212' title='bbox 1487 3707 1719 3810; x_wconf 86' lang='lat' dir='ltr'><strong>paucis</strong></span> <span class='ocrx_word' id='word_1_213' title='bbox 1740 3705 2042 3781; x_wconf 79' lang='lat' dir='ltr'><strong>versibus</strong></span> <span class='ocrx_word' id='word_1_214' title='bbox 2068 3704 2434 3807; x_wconf 80' lang='lat' dir='ltr'><strong>expositam</strong></span> <span class='ocrx_word' id='word_1_215' title='bbox 2456 3732 2478 3790; x_wconf 87' lang='lat'><strong>;</strong></span> 
     </span>
     <span class='ocr_line' id='line_1_27' title="bbox 342 3829 2479 3933; baseline 0.001 -26"><span class='ocrx_word' id='word_1_216' title='bbox 342 3829 609 3933; x_wconf 87' lang='lat' dir='ltr'><strong>reliqua</strong></span> <span class='ocrx_word' id='word_1_217' title='bbox 654 3833 727 3908; x_wconf 91' lang='lat' dir='ltr'><strong>in</strong></span> <span class='ocrx_word' id='word_1_218' title='bbox 772 3837 1030 3914; x_wconf 88' lang='lat' dir='ltr'><strong>Minois</strong></span> <span class='ocrx_word' id='word_1_219' title='bbox 1059 3839 1275 3914; x_wconf 82' lang='lat' dir='ltr'><strong>forma</strong></span> <span class='ocrx_word' id='word_1_220' title='bbox 1303 3855 1374 3914; x_wconf 87' lang='lat' dir='ltr'><strong>et</strong></span> <span class='ocrx_word' id='word_1_221' title='bbox 1403 3837 1476 3912; x_wconf 91' lang='lat' dir='ltr'><strong>in</strong></span> <span class='ocrx_word' id='word_1_222' title='bbox 1506 3866 1751 3915; x_wconf 80' lang='lat' dir='ltr'><strong>vesano</strong></span> <span class='ocrx_word' id='word_1_223' title='bbox 1783 3836 2037 3913; x_wconf 78' lang='lat' dir='ltr'><strong>Medeae</strong></span> <span class='ocrx_word' id='word_1_224' title='bbox 2079 3864 2304 3913; x_wconf 88' lang='lat' dir='ltr'><strong>amore</strong></span> <span class='ocrx_word' id='word_1_225' title='bbox 2351 3863 2479 3909; x_wconf 90' lang='lat' dir='ltr'><strong>no·-</strong></span> 
     </span>
     <span class='ocr_line' id='line_1_28' title="bbox 344 3963 2484 4072; baseline 0 -34"><span class='ocrx_word' id='word_1_226' title='bbox 344 3963 556 4039; x_wconf 81' lang='lat' dir='ltr'><strong>tando</strong></span> <span class='ocrx_word' id='word_1_227' title='bbox 594 3985 959 4043; x_wconf 81' lang='lat' dir='ltr'><strong>versantur.</strong></span> <span class='ocrx_word' id='word_1_228' title='bbox 994 3969 1106 4044; x_wconf 90' lang='lat' dir='ltr'><strong>Sic</strong></span> <span class='ocrx_word' id='word_1_229' title='bbox 1129 3969 1671 4047; x_wconf 82' lang='lat' dir='ltr'><strong>numerosissima</strong></span> <span class='ocrx_word' id='word_1_230' title='bbox 1699 3986 1917 4072; x_wconf 70' lang='lat' dir='ltr'><strong>poeta</strong></span> <span class='ocrx_word' id='word_1_231' title='bbox 1947 3968 2205 4045; x_wconf 77' lang='lat' dir='ltr'><strong>occasio</strong></span> <span class='ocrx_word' id='word_1_232' title='bbox 2241 3965 2484 4042; x_wconf 83' lang='lat' dir='ltr'><strong>offere-</strong></span> 
     </span>
     <span class='ocr_line' id='line_1_29' title="bbox 341 4093 2482 4204; baseline 0.003 -35"><span class='ocrx_word' id='word_1_233' title='bbox 341 4093 548 4172; x_wconf 87' lang='lat' dir='ltr'><strong>batur</strong></span> <span class='ocrx_word' id='word_1_234' title='bbox 599 4097 952 4175; x_wconf 86' lang='lat' dir='ltr'><strong>innumera</strong></span> <span class='ocrx_word' id='word_1_235' title='bbox 994 4101 1433 4191; x_wconf 87' lang='lat' dir='ltr'><strong>admiscendi,</strong></span> <span class='ocrx_word' id='word_1_236' title='bbox 1483 4131 1630 4204; x_wconf 77' lang='lat' dir='ltr'><strong>quae</strong></span> <span class='ocrx_word' id='word_1_237' title='bbox 1682 4101 2045 4201; x_wconf 84' lang='lat' dir='ltr'><strong>antiquitas</strong></span> <span class='ocrx_word' id='word_1_238' title='bbox 2091 4100 2286 4188; x_wconf 58' lang='lat' dir='ltr'><strong>tulit.</strong></span> <span class='ocrx_word' id='word_1_239' title='bbox 2332 4127 2482 4200; x_wconf 81' lang='lat' dir='ltr'><strong>quae</strong></span> 
     </span>
    </p>
   </div>
  </div>
 </body>
</html>
