2975 4784
502 315 579 378 18
1264 304 1850 373 PRAEFATIO

485 449 769 548 ingenii,
808 446 915 522 cui
944 445 1220 521 facilitas
1254 445 1572 534 debetur,
1611 443 1788 521 fudit
1812 501 1831 534 ‚
1881 472 2001 519 nec
2050 463 2280 547 postea
2312 448 2624 523 abstersit
2741 422 2752 437 ,

485 599 698 684 poetae
727 608 900 659 cura.
952 580 1033 654 In
1061 578 1145 653 iis
1175 578 1524 681 mutoquioe
1562 594 1629 651 et
1655 574 2075 679 loquacitatis
2109 576 2348 679 inepta».
2386 578 2619 654 vitium

486 713 774 815 primum
836 710 1096 786 obtinet
1144 708 1365 789 locum
1392 764 1411 797 ‚
1470 727 1670 810 atque
1711 708 1788 785 in
1828 709 2109 806 singulis
2159 739 2371 813 prope
2431 711 2620 786 libris

486 843 780 918 offendit.
831 845 911 918 In
942 841 1115 917 libro
1146 841 1219 932 Ι,
1264 838 1493 941 89-93
1516 896 1536 928 ,
1587 837 1669 914 ad
1703 837 1967 913 taedium
2002 868 2213 941 usque
2239 842 2475 930 nobis,
2517 844 2620 916 in-

486 973 731 1063 culcat,
774 1003 970 1050 aurea
997 991 1187 1050 atate
1212 970 1513 1049 nondum
1537 969 1717 1067 leges
1750 968 1948 1047 fuisse
1966 1025 1987 1065 ‚
2021 998 2144 1049 nec
2170 971 2439 1070 judicia.
2484 975 2622 1049 Te-

484 1133 690 1195 mere,
724 1104 945 1206 205-7
967 1162 987 1195 ‚
1028 1104 1224 1179 verba
1245 1102 1600 1178 cumulavit
1628 1102 1708 1177 de
1735 1100 1996 1177 silentio
2020 1105 2065 1175 J
2069 1102 2208 1176 ovis
2234 1103 2623 1191 auctoritate

486 1237 679 1315 facto.
716 1239 846 1313 Cui
877 1265 1016 1311 non
1040 1234 1317 1311 molesta
1339 1253 1499 1310 sunt
1521 1233 1674 1323 illa,
1708 1262 1870 1310 vers.
1911 1259 2042 1336 ²9¹
2080 1236 2286 1336 sqq?

650 1436 890 1516 Jamque
922 1452 1074 1495 mare
1100 1444 1159 1494 et
1185 1432 1354 1495 tellus
1378 1431 1603 1493 nullum
1630 1430 1931 1493 discrimen
1959 1429 2238 1492 habebant
2263 1451 2280 1489 ε

653 1540 866 1602 Omnia
891 1552 1107 1621 pontus
1133 1550 1322 1611 mnu
1354 1539 1588 1600 deerant
1611 1558 1851 1620 quoqne
1879 1536 2048 1598 litora
2071 1548 2256 1619 ponto
2287 1561 2304 1596 ε

493 1721 737 1822 quibus
764 1747 920 1794 mox
940 1777 959 1807 ‚
994 1748 1160 1794 vers.
1199 1719 1343 1813 314
1363 1777 1383 1808 ‚
1419 1720 1499 1792 de
1534 1718 1825 1825 Phocide
1852 1718 2235 1819 subjicitur,

655 1905 836 1965 Terra
860 1902 1045 1978 ferax,
1072 1902 1210 1963 dnm
1235 1915 1385 1963 terra
1411 1902 1556 1976 suit3
1584 1903 1685 1965 sed
1710 1916 1969 1985 tempore
1994 1903 2057 1962 in
2084 1902 2184 1963 illo

654 2009 792 2070 Pars
818 2007 985 2069 maris
1013 2020 1072 2068 et
1096 2006 1243 2070 latus
1270 2006 1584 2069 subitarum
1610 2029 1837 2091 campus
1861 2030 2148 2091 aquarum.

493 2181 560 2238 et
588 2192 817 2241 rursus
840 2162 1039 2265 paulo
1070 2180 1225 2263 post
1242 2217 1261 2251 ,

1151 2343 1351 2402 .Nm
1377 2328 1581 2403 coetera
1607 2354 1822 2403 texerat
1840 2363 2063 2423 oequor.

492 2511 572 2581 ln
605 2532 912 2582 saxorum
937 2446 1362 2581 Deucalionis
1397 2520 1463 2578 et
1489 2502 1758 2611 Pyrrhae
1790 2504 2144 2579 manibus
2121 2523 2443 2609 jactorum
2468 2535 2620 2581 mu-

493 2637 738 2713 tatione
764 2632 1216 2723 describenda,
1244 2663 1408 2713 vers.
1443 2633 1806 2731 400-406,
1842 2636 2000 2710 diu
1981 2665 2050 2709 m
2073 2638 2372 2715 eumdem
2395 2639 2622 2715 orbem

496 2768 980 2862 circumagitur.
1008 2806 1084 2821 -
1115 2762 1223 2853 11,
1269 2761 1393 2845 161
1424 2791 1615 2869 sqq„
1646 2784 1746 2840 ter
1764 2764 1958 2855 dicit,
1993 2765 2200 2841 levem
2225 2767 2424 2844 fuisse
2448 2769 2622 2845 Solis

497 2926 796 2986 currum,
848 2916 959 2989 et,
1018 2896 1206 3000 quasi
1244 2897 1377 2972 hoc
1422 2898 1719 2979 nondum
1759 2899 1918 2975 satis
1945 2898 2209 2989 fuisset,
2270 2899 2405 2975 165
2449 2902 2622 2976 idem

497 3026 605 3099 bis
633 3027 1005 3127 repetit.—
927 3027 1168 3119 -111,
1204 3026 1331 3128 87·
1333 3025 1462 3127 89,
1496 3047 1727 3129 quater
1751 3057 2015 3111 causam
2040 3026 2385 3131 exprimit,
2423 3060 2623 3134 quare

497 3164 635 3245 leve
667 3165 867 3245 suerit
896 3170 1216 3273 serpentis
1243 3165 1515 3260 vulnus,

1146 3395 1170 3414 .
1193 3395 1210 3413 .
1235 3395 1251 3411 .
1293 3354 1447 3431 Quia
1470 3366 1550 3423 sus
1561 3352 1881 3431 retrahebat
1895 3353 1968 3415 ab
1985 3355 2135 3429 ictu3

657 3458 930 3538 Laesaque
959 3454 1105 3516 colla
1126 3456 1288 3519 dabat
1307 3473 1463 3522 retro
1480 3505 1501 3536 ,
1526 3460 1857 3545 plagamque
1884 3459 2077 3521 sedere

661 3560 935 3623 Cedendo
960 3558 1213 3638 arcebat,
1242 3584 1346 3623 nec
1372 3563 1603 3647 longius
1630 3563 1973 3624 iresinebat.

501 3727 687 3801 Vers.
725 3724 868 3821 418
899 3752 1047 3825 sqq.
1069 3779 1087 3812 ,
1120 3725 1189 3797 in
1222 3723 1509 3803 Narcissi
1541 3725 1763 3803 fabula
1796 3726 2197 3805 intolerabili
2228 3728 2628 3831 loquacitate

502 3858 587 3935 ad
637 3856 927 3951 eamdem
967 3853 1205 3955 saepius
1238 3855 1578 3937 notionem
1625 3855 2012 3949 revolvitur,
2059 3878 2125 3935 et
2170 3890 2315 3962 quae
2356 3860 2500 3963 ipse
2531 3861 2629 3936 sic

509 3991 797 4076 dixerat,
855 3987 1079 4062 eedem
1117 3985 1316 4086 paulo
1364 4005 1516 4088 post
1552 3976 1934 4066 Narciss‘um
1970 4009 2371 4092 repetentem
2409 3991 2624 4089 fingit.
