2975 4784
653 398 1032 468 METAM
1049 399 1681 470 ORPHOSEON
1734 401 1906 468 LIB.
1956 401 2109 468 111.

2314 398 2442 466 233

317 539 778 643 Exemploque
812 544 958 644 pari
991 542 1157 616 fiarit
1188 542 1408 616 omnis
1440 539 1675 628 turba3
1712 569 1965 643 suoque

316 659 542 732 Marte
578 655 825 731 cadunt
851 658 1060 731 subiti
1093 686 1215 759 per
1243 674 1475 732 mutua
1508 655 1780 730 vulnera
1813 657 2070 731 fratres.

317 776 603 877 Jamque
633 774 859 857 brevis
886 774 1173 875 spatium
1209 774 1359 848 vitae
1393 773 1633 847 sortita
1659 773 1969 871 juventus

325 891 771 987 Sanguineam
810 891 1072 993 trepido
1109 890 1520 992 plangebant
1551 907 1818 991 pectore
1851 906 2157 977 matrem,

2357 909 2449 962 125

322 1006 643 1107 Quinque
678 1007 1192 1108 superstitibus;
1235 1034 1523 1107 quorum
1555 1005 1687 1079 fuit
1715 1034 1892 1080 unus
1923 1004 2205 1080 Echion.

321 1124 394 1196 Is
426 1150 547 1195 sua
572 1122 731 1220 jecit
764 1121 991 1210 humi,
1028 1121 1293 1196 monitu
1325 1120 1699 1195 Tritonidis
1719 1178 1738 1210 ,
1776 1149 1992 1210 arma;

320 1241 786 1340 Fraternaeque
814 1238 1011 1311 fidem
1041 1236 1222 1339 pacis
1255 1237 1617 1339 petiitque,
1654 1238 1987 1339 deditque.

322 1356 472 1429 Hos
503 1355 725 1456 operis
761 1354 1035 1428 comites
1066 1352 1307 1428 habuit
1340 1352 1655 1428 Sidonius
1687 1352 1969 1454 hospes;

320 1581 541 1642 repente
560 1579 801 1626 coactum
822 1587 937 1623 non
951 1568 1088 1622 male
1107 1586 1234 1623 cum
1250 1585 1344 1622 su-

320 1649 432 1702 bita
448 1649 759 1718 Spartorum
780 1647 982 1718 origine
997 1656 1282 1715 comparat.

396 1729 510 1779 125.
562 1728 770 1793 Taeptdo
794 1728 1121 1794 plangebant.
1157 1721 1343 1776 Codex

323 1813 511 1857 noster
529 1802 723 1874 Regius
743 1803 793 1857 B
810 1842 826 1870 ,
851 1805 1017 1871 lepido
1037 1805 1340 1869 tangebant,-

325 1879 517 1934 Codex
546 1879 597 1938 A
611 1919 629 1946 ,
655 1884 819 1947 tepido
831 1884 1156 1947 plangebant.
1196 1877 1342 1933 Nihil

323 1958 549 2012 dubium
578 1958 705 2027 quin
743 1958 897 2011 lectio
928 1960 1203 2025 tangebant
1219 1976 1343 2009 na-

324 2045 448 2090 tren
481 2040 650 2104 tepido
663 2043 869 2104 pectore
891 2035 1200 2089 concinnior
1226 2034 1345 2087 vul-

325 2125 447 2184 gata
482 2114 755 2177 videatur-3
799 2112 903 2167 levi
940 2123 1120 2166 tamen
1154 2122 1343 2166 muta-

326 2193 477 2246 tione
499 2191 763 2262 pulchrior
782 2202 915 2245 esset
931 2230 947 2258 ,
965 2191 1157 2245 scilicet
1177 2193 1344 2258 tepido

323 2273 596 2337 (tingebant.
632 2268 739 2322 Ed.
768 2296 838 2309 —
874 2271 1088 2336 Trepido
1103 2306 1119 2334 ,
1168 2267 1343 2337 trepi-

324 2345 502 2400 dante.
547 2345 794 2400 Membra
827 2345 1171 2399 morientimn
1196 2384 1212 2412 ,
1253 2355 1345 2399 aut

321 2423 494 2480 decisa
519 2444 551 2478 a
570 2443 793 2495 corpore
817 2463 833 2491 ,
868 2427 1128 2493 palpitare
1156 2434 1213 2480 et
1238 2432 1344 2477 Ire-

312 2506 496 2571 pidaoe
509 2501 775 2557 dicuntur.
795 2501 898 2569 lv,
923 2521 1031 2575 ¹²9·
1046 2500 1195 2573 Virg.
1213 2500 1342 2555 AEn.

323 2582 371 2649 Ι,
387 2603 510 2650 212,
524 2588 786 2636 iuncum
803 2585 1038 2645 membra,
1057 2581 1146 2635 ubi
1161 2582 1341 2655 Heyn.

322 2670 482 2731 negat
495 2699 514 2728 ,
537 2679 752 2714 suavem
774 2659 877 2714 hoc
897 2658 1133 2730 epitheto
1151 2659 1342 2731 imagi-

322 2759 451 2795 nem
472 2741 651 2796 sensui
674 2741 848 2811 objici.

390 2819 506 2875 126.
542 2822 772 2889 Quinque
790 2860 805 2882 ,
863 2818 1051 2888 quibus
1095 2817 1343 2874 nonnulli

321 2908 526 2952 sextum
552 2896 753 2951 addunt
769 2937 785 2964 ,
825 2896 1075 2951 Creonta.
1120 2895 1339 2951 Illorum

323 2976 548 3028 nomina
577 2993 607 3028 a
641 2974 949 3048 Lysimacho
979 2985 1033 3030 et
1064 2974 1341 3029 Hellanieo

324 3063 530 3108 servata
549 3053 704 3107 multi
735 3052 1078 3123 repetierunt.
1115 3053 1339 3107 Pausan.

326 3134 580 3202 quoniam
604 3132 736 3187 nibil
758 3132 947 3187 melius
972 3132 1163 3187 babeat
1180 3172 1196 3197 ,
1235 3131 1341 3186 ad*-

324 3213 513 3266 sentiri
537 3232 591 3267 se
618 3212 690 3266 ait
709 3212 897 3268 fabuloe
919 3212 986 3266 de
1010 3230 1199 3265 eorum
1220 3211 1341 3265 ori-

325 3292 469 3361 gine.
493 3289 622 3344 Sine
654 3289 818 3343 dubio
841 3291 1015 3357 Sparta·
1032 3288 1342 3342 dicebantur

321 3367 532 3437 antiqui
553 3366 688 3421 illius
708 3367 937 3438 regionis
959 3364 1157 3419 incolo.
1193 3365 1342 3419 Inter

321 3444 420 3500 bos
435 3484 454 3513 ,
497 3444 706 3499 Cadmo
751 3443 1065 3498 adveniente
1080 3483 1095 3505 ,
1142 3443 1340 3496 bellum

320 3522 472 3576 civile
489 3534 669 3577 ortum
682 3562 701 3591 ,
724 3523 783 3576 in
802 3539 908 3592 quo
930 3519 1145 3592 plurimi
1167 3519 1344 3590 perie-

318 3613 484 3668 runt;
511 3599 722 3674 qn‘aeq‘ue
749 3613 928 3658 autem
959 3622 988 3656 e
1024 3599 1341 3671 primoribus

318 3685 624 3755 superstites
659 3685 877 3739 suerunt
900 3723 919 3752 ,
953 3701 1185 3752 quorum
1229 3699 1343 3735 no·-

318 3764 469 3816 mina
490 3763 680 3818 tradita
700 3771 826 3817 sunt
843 3800 860 3828 ,
882 3760 1006 3830 quia
1027 3760 1193 3814 serius
1214 3758 1344 3813 toti-

320 3839 450 3896 dem
472 3840 678 3893 familie
703 3838 974 3893 Thebano
1004 3837 1244 3891 illustres.
1273 3861 1342 3877 —-

317 3922 560 3974 Echione
585 3919 823 3975 Cadmus
838 3959 855 3988 ,
891 3924 951 3980 dne
973 3922 1221 3995 προίχοντα
1238 3915 1340 3972 κατ’

323 4001 652 4078 &vemeniae-u,
668 4019 924 4072 generum
940 3998 1341 4054 adsumsit.Pau·

323 4097 433 4134 san.
450 4079 505 4133 d.
526 4079 559 4133 l.
581 4080 709 4132 Jam
730 4098 895 4149 quum
911 4077 1154 4132 Thebani
1177 4076 1343 4147 Spar-

325 4166 506 4212 torum
528 4174 733 4211 nomen
751 4175 814 4209 ex
832 4155 1146 4229 etymologia
1163 4154 1342 4209 inter-

1437 1577 1775 1638 pretarentur
1789 1606 1805 1635 ,
1828 1568 1964 1622 sorte
1981 1575 2037 1621 et
2051 1575 2313 1622 constaret
2327 1605 2342 1632 ,
2369 1565 2450 1619 in-

1440 1656 1654 1716 gentem
1700 1645 1986 1700 draconem
2030 1664 2139 1700 esse
2176 1664 2206 1698 a
2246 1642 2453 1698 Cadmo

1438 1726 1776 1780 intersectum
1802 1747 1817 1793 ς
1861 1725 1988 1780 inde
2036 1726 2323 1796 composita
2373 1733 2453 1778 est

1438 1803 1551 1859 hec
1573 1803 1760 1858 sabula.

1511 1902 1618 1952 ¹²7·
1633 1885 1775 1936 Jece’l
1784 1885 1935 1936 humi.
1956 1880 2138 1935 Codex
2156 1880 2353 1951 Regius
2371 1880 2415 1933 A
2434 1919 2449 1944 ‚

1435 1964 1600 2015 humo.
1620 1987 1689 2001 —
1708 1963 1909 2016 Hont’ln
1932 1963 2222 2014 Tritoaee‘delr.
2254 1957 2317 2013 Id
2341 1969 2418 2012 est
2438 2000 2450 2018 ‚

1437 2039 1722 2110 sapientius
1733 2080 1749 2106 ‚
1767 2040 2051 2095 consultius
2065 2031 2210 2092 duxit
2228 2037 2451 2106 abjicere

1440 2137 1601 2172 arma.
1635 2118 1889 2173 Similiter
1909 2119 2134 2172 Homer.
2157 2115 2219 2170 11.
2251 2123 2323 2181 A,
2361 2119 2454 2186 ¹94

1437 2215 1550 2265 sqq.
1576 2196 1835 2249 Minervae
1858 2194 2066 2247 monitu
2090 2190 2316 2246 Achilles
2343 2190 2452 2261 gla-

1439 2272 1590 2325 dium
1606 2273 1846 2326 strictum
1866 2269 2106 2325 recondit
2121 2270 2178 2322 in
2193 2268 2452 2338 vaginam.

1438 2349 1605 2404 Unde
1630 2349 1798 2403 Pallas
1841 2351 2059 2402 Tritonis
2092 2357 2184 2401 aut
2223 2349 2455 2400 Tritonia

1440 2427 1578 2482 dicta
1619 2428 1721 2494 sit,
1777 2426 2086 2497 disputatur.
2135 2425 2354 2498 Heynio
2386 2423 2450 2477 ad

1439 2503 1625 2575 virgil.
1663 2504 1876 2559 AEneid.
1918 2505 2005 2571 11,
2053 2524 2146 2577 170
2167 2544 2182 2572 ‚
2225 2504 2450 2557 maxime

1437 2584 1707 2655 probabile
1742 2584 1951 2638 videtur
1972 2624 1988 2652 ,
2019 2604 2049 2638 a
2082 2591 2235 2662 'rpoee'u
2254 2623 2270 2651 ,
2308 2583 2450 2654 quod

1438 2660 1681 2715 AEolibus
1692 2670 1847 2730 caput
1855 2672 1932 2716 est
1950 2702 1965 2729 ,
1991 2681 2110 2716 eam
2133 2662 2326 2716 dictam
2341 2681 2451 2714 esse

1437 2744 1781 2816 Τριτογένειαν,
1818 2758 1847 2793 e
1882 2740 2052 2810 capite
2076 2741 2225 2794 Jovis
2254 2749 2451 2794 natam.

1511 2821 1621 2874 128.
1659 2822 1847 2873 Πάθη.
1876 2817 2142 2874 Gebhard.
2174 2816 2333 2887 Crep.
2359 2817 2414 2871 11
2433 2856 2450 2882 ‚

1441 2921 1491 2970 7,
1517 2900 1681 2955 ductu
1700 2900 1909 2956 Codicis
1930 2900 2188 2967 Palatini,
2212 2899 2339 2969 legit
2338 2902 2453 2969 fide

1441 2978 1687 3047 (antique
1708 2996 1807 3050 pro
1809 2975 1981 3050 fidei)
1994 2996 2190 3046 pacem.
2210 2975 2370 3029 Male.
2385 3004 2453 3018 —

1438 3053 1579 3109 Nam
1574 3058 1690 3125 fide
1701 3074 1798 3125 pro
1790 3058 1953 3125 fidem
1964 3055 2020 3108 in
2036 3052 2316 3108 Codicibus
2327 3072 2451 3107 eum

1436 3130 1630 3186 lineola
1670 3133 1993 3202 superposita
2033 3131 2256 3204 reperiri
2303 3130 2450 3185 facile

1438 3222 1519 3266 est
1536 3211 1638 3266 hoc
1649 3211 1811 3266 modo
1812 3215 1943 3281 W.
1967 3213 2081 3266 Nec
2100 3222 2178 3266 est
2192 3230 2344 3267 causa
2357 3231 2455 3264 cur

1437 3310 1501 3344 ex
1520 3288 1716 3344 Codice
1733 3290 1974 3344 Palatino
1968 3290 2335 3360 fidea‘legatur.
2351 3292 2450 3342 Ed.

1436 3395 1507 3408 -
1528 3369 1701 3420 mem
1719 3370 1873 3434 pacit
1899 3376 1996 3421 etc.
2018 3367 2307 3422 Postulavit
2331 3406 2346 3433 ,
2393 3376 2455 3418 ut

1438 3444 1627 3514 reliqui
1671 3444 1776 3498 fide
1818 3442 1941 3498 data
1983 3446 2355 3515 promitterent
2394 3461 2451 3497 se

1439 3522 1740 3593 quieturos,
1771 3522 2022 3594 idemque
2049 3535 2103 3578 et
2127 3524 2236 3594 ipse
2257 3524 2454 3593 promi·

1436 3604 1520 3658 sit.
1541 3632 1611 3645 -
1633 3605 1814 3671 Operis
1833 3609 2056 3658 coma'tes.
2086 3602 2451 3675 Pherecydes:

1438 3681 1537 3736 hos
1560 3682 1793 3752 quinque
1815 3685 2007 3751 Κάδμος
2035 3693 2234 3738 ποιεῖται
2269 3689 2453 3741 πολίτας

1438 3771 1702 3822 κατοικίσεις
1716 3766 1875 3823 αὐτοὺς
1889 3766 1933 3817 ἓν
1943 3767 2134 3824 Θῆθαις.
2155 3760 2289 3817 Inde
2302 3761 2452 3815 The-

1435 3839 1562 3895 Bani
1607 3839 1730 3894 dicti
1767 3842 2147 3908 draconugenae.
2192 3837 2276 3894 Cs-
2314 3839 2452 3892 infra

1440 3919 1538 3986 543
1557 3938 1671 3989 sqq.
1694 3921 1986 3973 —Jussam
2008 3921 2243 3973 Phchet:
2263 3928 2361 3972 etc.
2386 3917 2452 3969 ln

1440 3994 1673 4050 oraculo
1685 3996 1901 4066 jubetur
1913 4001 2035 4067 ὄχθῳ
2049 3999 2093 4049 ἓν
2108 3995 2337 4070 &aporuit-q·
2348 3998 2453 4043 κτί-

1438 4086 1538 4140 ζειν
1563 4079 1690 4132 πίλιν
1719 4076 1998 4143 εὐρυάγυιαν.
2030 4074 2125 4128 Ille
2147 4089 2273 4125 vero
2303 4064 2451 4119 Cad-

1438 4173 1616 4208 meam
1640 4163 1846 4208 tantum
1877 4150 2141 4220 acropolin
2172 4141 2407 4202 condidit
2431 4181 2449 4211 ,
