2975 4784
553 433 685 500 326

1098 433 1177 497 P.
1235 431 1585 505 OVIDII
1637 429 2096 499 NASONIS

545 575 831 649 Tantum
868 572 1042 646 odiis
1074 574 1317 674 iraeque
1352 572 1587 648 dabat!
1626 573 1930 648 Saturnia
1962 576 2166 647 Juno.

549 691 708 787 Quo
746 689 942 764 simul
975 690 1275 775 intravit,
1309 718 1629 791 sacroque
1665 718 1702 762 a
1742 717 2023 790 corpore
2058 717 2358 790 pressum

546 806 879 900 Ingemuit
910 804 1148 893 limem
1184 806 1307 880 tria
1343 807 1671 881 Cerberus
1702 807 1940 881 extulit
1969 836 2122 897 ora,

545 926 639 997 Et
669 938 800 995 tres
831 921 1106 997 latratus
1139 921 1335 997 simul
1370 921 1580 996 edidit
1612 952 1626 995 ε
1661 920 1772 995 illa
1803 949 2065 995 sorores

2573 945 2678 1014 4⁵⁰

542 1040 758 1111 Nocte
790 1055 983 1112 vocat
1013 1037 1265 1134 genitas
1284 1093 1303 1124 ‚
1339 1066 1534 1133 grave
1567 1056 1633 1111 et
1666 1036 2080 1140 implacabile
2104 1066 2369 1112 numen.

546 1162 841 1238 Carceris
872 1180 1024 1237 aute
1058 1162 1236 1237 fores
1270 1161 1523 1237 clausas
1556 1162 1899 1238 adamante
1932 1163 2250 1238 sedebant
2278 1192 2296 1252 ;
2341 1173 2349 1180 '

542 1285 778 1386 Deque
808 1285 947 1359 suis
978 1303 1157 1360 atros
1188 1285 1543 1387 pectebant
1574 1285 1871 1360 crinibus
1902 1313 2150 1381 angues
2180 1314 2197 1359 ε

545 1408 766 1505 Quam
800 1389 997 1483 simul
1032 1428 1368 1504 agnorunt
1404 1409 1577 1484 inter
1612 1409 1913 1506 caliginis
1947 1411 2215 1485 umbras
2236 1467 2256 1499 ‚

542 1529 895 1604 Surrexere
931 1533 1087 1604 Deae
1113 1560 1129 1603 :
1159 1531 1346 1606 sedes
1381 1530 1690 1607 scelerata
1719 1550 2009 1607 vocatur.

2573 1554 2670 1624 455

535 1650 809 1726 Viscera
836 1653 1178 1753 praebebat
1209 1654 1441 1755 Tityos
1470 1653 1815 1744 lanianda;
1853 1684 2218 1757 novemque

603 1857 715 1928 449.
753 1858 1004 1924 Ingenui!
1030 1857 1177 1911 dedit
1210 1858 1553 1913 Burmannus

535 1954 598 1988 ex
612 1935 775 1989 MSS.
792 1936 996 2005 Vulgo,
1015 1942 1269 1990 inttrmni!
1301 1948 1390 1991 aut
1419 1958 1553 1991 con·-

535 2019 746 2067 treaeme’l.
761 2011 944 2068 Codex
959 2014 1154 2084 Regius
1169 2016 1214 2069 B
1228 2013 1386 2069 babet
1397 2020 1553 2084 inge-

534 2097 664 2144 nui!
675 2108 693 2154 ,·
730 2090 911 2145 Codex
940 2093 986 2145 A
1002 2129 1019 2158 ,
1055 2097 1321 2146 intremue‘t.
1352 2121 1419 2133 —
1453 2095 1554 2145 In-

533 2174 735 2237 genue‘l.
758 2172 974 2242 crepuit.
996 2174 1251 2234 Gemitus,
1271 2173 1443 2227 omnis
1464 2192 1554 2226 so-

537 2267 673 2315 nus,
712 2269 873 2320 quem
914 2271 998 2305 res
1042 2252 1345 2307 inanimata}
1382 2252 1553 2319 dant,

539 2328 667 2382 dum
691 2330 957 2384 calcantur
978 2370 994 2397 ‚
1036 2332 1310 2401 pulsantur
1339 2371 1354 2399 ,
1396 2334 1556 2384 sran-

536 2419 747 2478 guntur.
782 2438 849 2452 —·
872 2413 1109 2464 Cerberus
1129 2410 1214 2464 hic
1231 2423 1353 2465 aute
1379 2412 1518 2465 sores
1536 2450 1552 2479 ,

538 2500 597 2543 ut
621 2489 794 2543 Tibul.
820 2492 875 2558 1,
904 2507 973 2544 ιιι
990 2531 1005 2559 ,
1032 2512 1087 2560 7¹
1113 2530 1129 2556 ,
1163 2490 1226 2543 ad
1255 2491 1556 2560 exemplum

538 2567 688 2637 prisci
711 2567 805 2619 aevi
821 2609 833 2628 ,
864 2568 952 2621 ubi
977 2569 1188 2621 maximi
1211 2588 1366 2622 canes
1388 2567 1451 2622 ad
1467 2588 1557 2621 re-

538 2646 742 2716 giarum
775 2644 969 2699 aedium
1004 2647 1141 2701 sores
1170 2647 1406 2700 excubias
1436 2666 1558 2716 age-

538 2726 682 2778 bant.
712 2723 870 2793 Apud
898 2724 1176 2794 Virgilium
1199 2764 1214 2790 ,
1243 2744 1393 2778 versu
1422 2727 1516 2792 4¹7
1537 2764 1553 2793 ,

537 2814 683 2855 trans
724 2800 1084 2855 Acherontem
1115 2812 1327 2854 antrum
1363 2800 1557 2876 habet.

479 2937 485 2941 ,
537 2881 678 2937 uude
698 2884 890 2933 latratu
913 2878 1128 2945 lrffaaece‘
1132 2887 1390 2946 personat.
1404 2906 1472 2920 —
1485 2881 1562 2931 Et

537 2968 637 3012 tres
657 2968 755 3012 etc.
788 2955 1089 3010 Commode
1108 2955 1352 3009 laudatur
1374 2976 1404 3008 a
1426 2957 1557 3009 Bur-

538 3055 766 3097 manum
794 3034 1088 3100 Lucienus,
1105 3033 1159 3085 in
1180 3034 1556 3089 Hermotimo:

434 3111 444 3122 ⁹
541 3121 687 3168 xoetc
663 3137 753 3182 σνω
756 3116 954 3189 nicet-ple
983 3113 1188 3180 ἅμαῆφι
1185 3119 1247 3165 'tc

604 3192 716 3255 45¹·
736 3193 853 3242 Not
868 3188 1052 3244 Furias
1068 3207 1178 3241 uno
1200 3198 1352 3258 partu
1376 3189 1555 3246 edidit.

540 3295 606 3308 —
623 3270 811 3322 Grave
830 3270 1049 3323 noxium
1064 3279 1117 3322 et
1135 3269 1365 3322 seviens.
1381 3271 1559 3321 —Inr·

531 3348 801 3414 placabile,
827 3346 969 3416 quod
985 3366 1095 3400 non
1113 3347 1236 3400 sinit
1256 3366 1310 3400 se
1327 3348 1557 3401 exorari:

540 3427 784 3494 ἄμείλιχσν
811 3428 915 3502 ἦτορ
941 3432 1127 3494 ῒχουσα.
1155 3428 1377 3480 Homer.
1416 3427 1474 3480 ῙΙ.
1495 3427 1520 3479 Ι
1538 3466 1554 3494 ,

540 3503 651 3558 568.
672 3532 740 3544 -
768 3505 960 3555 Numen
983 3502 1246 3558 collective
1278 3503 1343 3557 de
1371 3503 1552 3558 tribus.

537 3604 605 3619 -
616 3583 846 3634 σοντι-νίς
857 3621 869 3638 ‚
889 3579 1067 3632 tartari
1079 3617 1095 3643 ,
1122 3599 1229 3648 quo
1244 3581 1557 3635 detinentur

539 3657 787 3710 scelerati.
803 3683 872 3697 -
890 3655 1187 3722 Antesooes
1204 3697 1219 3720 ,
1256 3659 1343 3710 ubi
1372 3678 1555 3712 earum

539 3732 687 3786 sedes
714 3754 727 3788 τ
754 3733 856 3787 vid.
887 3734 1066 3805 Heyn.
1104 3732 1169 3785 ad
1198 3735 1410 3789 AEneid.
1439 3736 1519 3791 Vl
1540 3777 1556 3803 ,

546 3811 657 3862 280.
693 3838 761 3853 -
792 3816 1110 3873 Adamana,
1152 3812 1327 3881 serro,
1374 3816 1558 3870 set-reis

541 3884 789 3940 claustris.
823 3890 975 3942 ’Νεηιι
1024 3893 1209 3956 §empne
1241 3893 1447 3961 proprie
1490 3892 1557 3946 de

539 3964 697 4019 ferro.
728 3965 814 4018 111
844 3968 980 4023 Fast.
1012 3970 1110 4022 805
1132 4005 1149 4032 ,
1193 3985 1261 4018 ez·
1288 3971 1561 4024 adamante

540 4046 745 4096 secani.
797 4041 1074 4114 Quidquid
1108 4044 1303 4097 durum
1348 4056 1400 4099 et
1437 4049 1559 4102 satis

541 4120 809 4174 munitum
828 4131 906 4174 est
926 4160 941 4188 ‚
967 4124 1343 4176 adamantinum
1363 4123 1558 4179 Graecis

541 4208 595 4252 et
622 4198 817 4254 Latinis
854 4197 1045 4255 dicitur
1075 4221 1088 4257 ε
1128 4200 1244 4255 vide
1277 4200 1450 4256 Graev.
1490 4201 1558 4256 ad

1651 1859 1868 1914 Hesiod.
1899 1860 2043 1915 Scut.
2071 1879 2204 1914 vers.
2248 1861 2356 1915 136.
2389 1861 2528 1915 Male
2551 1862 2672 1933 igi-

1649 1948 1737 1991 tur
1762 1937 1910 1991 Rode
1931 1978 1946 2003 ,
1973 1944 2069 1991 mi!
2100 1942 2258 1991 etitem
2282 1940 2527 1991 Damae
2548 1959 2678 1991 ver-

1646 2019 1922 2069 schlossen.
1946 2044 2013 2056 -
2034 2018 2326 2070 pectebant.
2348 2014 2523 2068 Codex
2552 2017 2682 2071 Re-

1651 2094 1762 2164 gius
1777 2095 1822 2148 B
1839 2097 2194 2162 ,ψει-Λύσω,
2185 2112 2198 2124 ·
2217 2104 2272 2146 et
2285 2112 2466 2162 supra,
2485 2094 2554 2146 ab
2572 2094 2681 2148 alia

1653 2193 1816 2226 manu
1831 2176 2166 2242 ,flectebant
2207 2172 2306 2226 hoc
2329 2173 2498 2226 solum
2523 2175 2684 2228 aeci-

1652 2250 1924 2321 piendum.
1963 2253 2061 2304 Ed.
2087 2251 2260 2304 Furit
2295 2251 2547 2320 temporis
2578 2252 2686 2306 sal-

1653 2328 1796 2382 lendi
1823 2348 1972 2383 causa
1998 2347 2223 2397 angues,
2265 2347 2394 2398 quos
2427 2348 2524 2398 pro
2558 2330 2684 2382 cri-

1653 2406 1828 2473 nibus,
1854 2418 1943 2460 aut
1958 2407 2188 2460 crinibus
2209 2407 2457 2476 implexos
2477 2406 2502 2476 (
2525 2407 2688 2478 Vin-g.

1656 2484 1848 2556 Georg.
1883 2485 1962 2538 IV
1986 2526 2002 2552 ,
2029 2483 2167 2550 482)
2194 2485 2481 2549 habebant,
2498 2494 2692 2550 pecte-

1653 2568 1798 2624 bant,
1824 2573 1881 2615 ut
1894 2562 2063 2615 solent
2085 2562 2265 2635 otiosa
2279 2563 2449 2615 crines
2468 2581 2690 2618 curare.

1655 2641 1711 2696 ΙΙ
1733 2682 1748 2708 ,
1784 2662 1859 2695 la.
1882 2640 2041 2695 Foeda
2065 2642 2254 2711 imago.

1721 2723 1831 2789 454.
1863 2723 2082 2787 Quam...
2102 2725 2335 2780 umbras.
2377 2730 2436 2774 ut
2473 2720 2696 2778 AEneas

1655 2798 1927 2852 Didonem
1952 2798 2134 2869 Virgil.
2165 2799 2269 2865 Vl,
2301 2802 2395 2866 452
2413 2838 2429 2865 ‚
2455 2800 2548 2852 ubi
2573 2821 2696 2854 cc-

1651 2881 1828 2945 11‘51‘213'
1840 2877 1972 2930 illius
1986 2877 2119 2930 ratio
2136 2875 2458 2930 describitur.
2471 2881 2702 2932 —Saen-

1653 2972 1822 3008 rexere
1837 2955 1892 3007 iu
1908 2953 2167 3007 honorem
2183 2954 2509 3007 advenientis
2527 2953 2698 3010 Deae.

1653 3059 1719 3071 —
1738 3034 1892 3085 Sedes
1911 3036 2170 3085 scelemta.
2205 3031 2254 3081 V
2258 3031 2385 3103 irgil.
2411 3030 2543 3084 AEn.
2565 3031 2662 3089 VI
2677 3075 2698 3102 ‚

1657 3109 1752 3163 553
1765 3148 1781 3175 ‚
1798 3114 2089 3163 sceleratum
2097 3114 2278 3171 lt‘men:
2296 3108 2468 3162 Tibul.
2479 3111 2702 3166 Alsen-

1651 3190 1815 3242 lenta
1827 3188 1982 3254 jacet
1997 3191 2144 3241 sedes
2157 3192 2210 3239 1⁸ae
2233 3194 2378 3239 nocte
2391 3187 2701 3254 profunda.

1721 3266 1834 3332 456.
1867 3269 2333 3334 erceraeprebebal
2345 3277 2442 3320 etc.
2463 3266 2556 3320 De
2575 3289 2704 3339 ρων

1654 3361 1735 3395 nis
1758 3344 2112 3398 infernalibus.
2133 3344 2275 3399 Fons
2293 3353 2347 3397 et
2363 3343 2564 3399 fundus
2581 3346 2706 3402 ha-

1654 3441 1775 3475 rum
1799 3423 2090 3476 fabularum
2114 3435 2192 3478 est
2218 3424 2442 3478 Homeri
2463 3423 2580 3479 od.
2599 3441 2660 3487 A
2683 3468 2705 3496 ‚

1656 3505 1751 3569 575
1766 3521 1877 3571 sqq.
1903 3524 1917 3562 ;
1946 3500 2105 3555 Cons-
2133 3503 2323 3557 Noster
2345 3502 2413 3557 ib.
2445 3509 2540 3572 ¹7⁵
2565 3525 2706 3578 sqq.

1655 3580 1864 3635 Lucret.
1890 3582 2002 3649 111,
2028 3588 2126 3657 995
2150 3601 2260 3654 sqq.
2278 3623 2295 3648 ,
2316 3582 2380 3636 de
2405 3583 2540 3638 vivis
2567 3585 2712 3642 hec

1653 3660 1904 3730 capienda
1928 3681 2035 3715 esse
2060 3673 2279 3729 monet,
2320 3672 2377 3715 ut
2415 3663 2711 3721 Tantalus

1653 3738 1718 3790 sit
1742 3737 1916 3808 imago
1938 3738 2168 3793 hominis
2185 3739 2564 3810 superstitiosi,
2583 3741 2716 3797 Ti-

1655 3825 1771 3889 tyos
1795 3816 2053 3871 libidinosi
2075 3841 2089 3880 ς
2114 3817 2370 3892 Sisyphus
2397 3819 2712 3877 bominem

1655 3894 1925 3964 designet,
1969 3897 2057 3966 qui
2082 3897 2303 3968 imperia
2327 3899 2519 3951 frustra
2545 3917 2718 3952 am-

1653 3972 1788 4034 biat;
1816 3992 1911 4043 per
1939 3974 2122 4028 Furias
2145 3986 2324 4029 autem
2365 3975 2716 4044 intelligen—

1655 4050 1777 4103 dam
1817 4071 1926 4105 esse
1965 4052 2252 4122 impiorum
2281 4053 2712 4111 conscientian.

1651 4154 1720 4170 ·-
1754 4130 2186 4200 Dryas,'1·errae
2232 4131 2397 4196 filius,
2437 4131 2525 4201 qui
2556 4132 2708 4190 vim

1651 4204 1902 4260 intulerat
1927 4206 2174 4277 Latonae,
2206 4208 2357 4264 Jovis
2382 4207 2585 4279 pellici,
2623 4211 2706 4265 in
