2975 4784
586 384 1627 454 METAMORPHOSEON
1672 389 1868 454 LIB.
1919 386 2107 455 VII.

290 532 416 607 Est
448 529 551 602 via
584 527 850 601 declivis
872 584 892 615 ,
921 556 1041 628 per
1070 556 1266 628 quam
1296 526 1687 628 Tirynthius
1717 527 1916 601 heros

291 646 712 730 Restantem,
750 661 1111 743 contraque
1144 643 1311 716 diem
1342 641 1696 741 radiosque
1730 641 2039 715 micantes

295 758 774 859 obliquantem
810 757 1039 831 oculos
1061 815 1079 846 ‚
1115 758 1302 832 nexis
1327 754 1672 859 'adamante
1706 753 1947 828 catenis
1971 811 1989 843 ,

299 871 642 948 Cerberon
677 873 998 947 abstraxit
1018 928 1037 959 ,
1066 872 1295 946 rabida
1332 872 1447 971 qui
1473 871 1770 945 concitus
1798 871 1895 944 ira

293 987 603 1089 Implevit
631 988 878 1088 pariter
908 989 1114 1063 ternis
1140 987 1490 1071 latratibus
1525 1012 1714 1058 auras
1741 1013 1758 1072 ;

292 1106 386 1177 Et
419 1103 661 1203 sparsit
690 1103 930 1177 virides
963 1103 1218 1205 spumis
1252 1100 1630 1176 albentibus
1663 1127 1875 1194 agros.
1939 1142 1950 1152 ·
2300 1122 2397 1192 415

295 1221 437 1293 Has
468 1247 810 1293 concresse
843 1237 1080 1321 putant
1098 1275 1118 1309 ‚
1155 1236 1507 1317 nactasque
1540 1214 1847 1290 alimenta
1878 1214 2109 1290 feracis

296 1335 719 1436 Fet-undique
753 1335 912 1422 soli,
948 1333 1119 1408 vires
1150 1333 1397 1434 cepisse
1425 1331 1707 1405 nocendi
1739 1358 1757 1417 ;
1950 1348 1955 1352 ’

301 1455 470 1551 Quae
493 1509 512 1540 ,
552 1452 707 1553 quia
737 1467 1098 1526 nascuntur
1132 1450 1295 1525 dura
1328 1449 1572 1523 vivacia
1604 1463 1789 1521 caute
1816 1503 1836 1534 ,

301 1570 610 1664 Agrestes
643 1568 900 1642 aconita
926 1585 1163 1641 vocant
1190 1595 1207 1639 τ
1235 1593 1309 1640 ea
1338 1563 1639 1663 conjugis
1667 1578 1812 1635 astu

302 1686 454 1783 Ipse
487 1711 724 1783 parens
757 1685 1006 1778 AEgeus
1038 1700 1195 1755 nato
1226 1680 1555 1782 porrexit,
1583 1695 1660 1753 ut
1684 1676 1882 1750 hosti.

304 1797 641 1872 Sumserat
666 1799 891 1894 ignara
915 1799 1213 1871 Theseus
1248 1795 1398 1870 data
1431 1794 1671 1897 pocula
1708 1793 1973 1882 dextra3

306 1915 535 2011 Quum
564 1933 749 2016 pater
779 1915 850 1988 in
885 1912 1121 2015 capulo
1158 1911 1360 2009 gladii
1390 1908 1701 2008 cognovit
1733 1910 1987 1984 eburno

306 2028 508 2127 Signa
542 2031 645 2104 sui
679 2029 933 2126 generis
953 2085 972 2116 ,
1004 2027 1385 2131 facinusque
1415 2027 1699 2103 excussit
1733 2026 1816 2100 ab
1855 2052 1988 2126 oret

307 2144 567 2241 Effugit
597 2144 708 2220 illa
740 2174 960 2221 necem
979 2201 999 2232 ,
1035 2143 1297 2219 nebulis
1327 2173 1447 2246 per
1475 2141 1760 2216 carmina
1791 2141 2010 2215 motis.

365 2349 480 2413 4ιο.
494 2347 693 2399 Eslw'a
705 2348 925 2400 declmk.
945 2345 1193 2401 Heinsius
1204 2345 1314 2400 hoc

309 2423 382 2477 sic
402 2421 656 2477 mutanda
681 2425 922 2477 censebat
936 2464 952 2492 ,
985 2426 1050 2476 In
1065 2425 1311 2495 Karyan-

307 2503 459 2563 de‘aees,
486 2499 566 2554 vel
581 2502 1004 2572 InPeryandaehtk,
1035 2501 1174 2572 apud
1185 2520 1316 2571 quos

307 2584 543 2634 noanon
565 2580 869 2634 nascebatur
899 2600 913 2634 ε
944 2582 1280 2635 Burmannus
1298 2619 1314 2648 ,

312 2657 501 2727 siquid
526 2657 840 2712 mutandum
863 2670 996 2714 esset
1011 2700 1027 2728 ,
1050 2661 1320 2730 preferret

314 2734 468 2803 prius.
479 2735 712 2788 -Mera
727 2736 1028 2804 coniectura
1048 2754 1163 2806 quo
1174 2734 1319 2788 nullo

319 2807 513 2865 Codice
537 2811 792 2866 firmatur.
804 2816 903 2867 Ed.
917 2843 984 2856 —
999 2817 1291 2868 Restant-en
1300 2853 1317 2876 ,

315 2889 642 2943 resistentem
660 2929 675 2956 ,
695 2910 792 2945 nec
806 2892 920 2945 1000
932 2892 1120 2947 cedere
1139 2892 1324 2945 volen-

318 2977 443 3021 tem.
481 2967 603 3020 Non
639 2968 772 3020 male
808 2966 1024 3024 Cerberi
1052 2970 1323 3024 reluctatio

320 3041 640 3096 describitur.
649 3071 714 3083 —
727 3047 1072 3113 obliquantem
1085 3085 1099 3109 ‚
1120 3046 1177 3098 in
1194 3046 1326 3099 obli-

320 3139 480 3189 quam
499 3130 701 3189 partem
722 3130 1074 3190 torquentem.
1095 3123 1229 3176 Vide
1258 3122 1323 3175 ad

322 3199 459 3265 xn,
486 3198 597 3265 486.
621 3225 686 3240 -
707 3201 866 3253 Nesis
890 3210 988 3252 etc.
1009 3209 1192 3253 catena
1210 3201 1326 3252 ser-

322 3294 425 3330 rea.
440 3303 508 3317 -
520 3275 793 3330 Alslmaee‘t
809 3275 1035 3329 restituit
1058 3276 1325 3341 Heinsius,

324 3352 444 3421 quia
453 3354 671 3407 verbum
683 3352 914 3407 solemne
926 3353 981 3405 in
993 3352 1088 3411 hae
1100 3370 1158 3404 re
1172 3372 1186 3413 3
1210 3351 1328 3404 vul-

324 3448 409 3499 go,
425 3436 652 3486 attraxit.
660 3459 729 3471 —-
737 3433 911 3483 Teme&
920 3433 1206 3496 latratibus,
1225 3429 1324 3495 IV,

322 3512 511 3575 4So.—
528 3512 727 3563 Viridu
742 3511 1039 3569 albentibus,
1070 3515 1129 3560 ut
1147 3507 1200 3572 1,
1222 3527 1238 3558 ι
1255 3526 1330 3559 12.

389 3588 499 3653 416.
543 3590 659 3640 Hes
692 3606 951 3641 concresse
981 3592 1169 3654 putant
1181 3624 1195 3647 ,
1231 3593 1328 3638 etc.

327 3663 482 3721 Cous.
497 3667 720 3733 Plinius,
735 3666 923 3720 XXVI
936 3704 952 3731 ,
975 3666 1023 3718 3.
1041 3667 1327 3725 Conco-esse,

321 3762 514 3813 nempe
550 3744 609 3796 in
641 3762 828 3812 corpus
868 3742 1056 3812 planto
1088 3739 1327 3795 solidum.

325 3820 422 3874 Est
454 3841 580 3891 ergo
617 3819 1062 3890 metamorphosis.
1085 3848 1152 3860 —
1177 3822 1332 3872 Dure

323 3905 496 3952 cautes
520 3898 713 3954 Grecis
735 3899 1001 3966 dicuntur,
1027 3900 1200 3954 e'zaeo'voee.
1223 3899 1329 3952 Ni-

325 3974 521 4030 cander
544 3976 688 4031 Alex.
713 3992 845 4029 xur.
866 3975 972 4030 Sed
996 3974 1333 4045 Theophras-

328 4064 405 4109 tes
420 4094 434 4121 ,
453 4052 503 4106 d.
519 4052 552 4107 1.
569 4054 631 4108 ab
651 4054 861 4120 Aeonis,
874 4053 1331 4128 Pet-yandinorum

331 4133 443 4188 vico
458 4171 476 4200 ,
500 4132 548 4186 ei
574 4151 771 4187 nomen
795 4132 1095 4203 impositum
1112 4142 1275 4202 putat.

1475 2347 1588 2412 4²¹·
1612 2346 1759 2398 Data
1778 2346 1981 2412 pocula.
2016 2340 2197 2396 Codex
2222 2341 2427 2412 Regius·

1409 2423 1457 2477 B
1470 2423 1626 2477 habet
1641 2426 1995 2491 sacraepoculae.
2014 2440 2043 2474 a
2059 2421 2225 2491 prima
2242 2439 2420 2474 manu.

1417 2503 1578 2568 Quem
1591 2508 1744 2570 paler
1756 2511 1854 2555 etc.
1884 2498 2131 2554 Gladium
2155 2510 2214 2552 ut
2237 2508 2416 2552 osten-

1411 2590 1548 2634 taret
1570 2574 1834 2646 Theseus,
1859 2579 2086 2632 cultrum
2111 2577 2287 2631 eduxit
2309 2596 2420 2631 car-

1413 2678 1511 2714 nes
1547 2658 1799 2728 appositas
1835 2657 2157 2717 dissectus-us.
2202 2655 2423 2711 Plutar-

1415 2734 1544 2789 chus
1565 2774 1580 2802 ,
1614 2735 1670 2787 in
1708 2733 1864 2788 Thes.
1904 2754 1976 2786 ιιι.
2010 2733 2197 2786 Gladio
2214 2772 2230 2798 ‚
2266 2740 2388 2804 εἰμι
2407 2772 2422 2798 ,

1416 2815 1693 2884 adiunctus
1710 2816 1817 2867 sere
1842 2824 1955 2867 erat
1977 2812 2160 2879 culter,
2176 2814 2421 2882 μάχαιραι

1419 2893 1707 2959 Homerus,
1723 2892 1781 2945 n.
1798 2901 1853 2957 Γ,
1874 2911 1933 2960 ²7
1945 2912 1962 2943 ι
1972 2929 1984 2942 .
1995 2890 2041 2942 Ε
2053 2891 2210 2961 signis
2223 2890 2427 2959 generis

1415 2970 1497 3025 sui
1513 3011 1528 3038 ,
1546 2989 1660 3040 quoe
1677 2968 1911 3023 Theseus
1923 3007 1939 3032 ,
1963 2986 2111 3020 more
2130 2968 2387 3019 Veterum
2406 3007 2422 3033 ‚

1417 3049 1472 3102 in
1498 3048 1681 3118 capulo
1703 3046 1956 3117 gestabat,
1986 3044 2214 3116 agnoscit
2242 3044 2422 3099 fitium.

1422 3125 1563 3192 Quo
1583 3125 1780 3178 suerint
1800 3123 1883 3176 illa
1902 3129 2074 3192 signa,
2100 3132 2283 3199 εατρῶα
2306 3129 2428 3192 σύμ-

1422 3207 1529 3254 62)oe
1541 3238 1555 3265 ,
1572 3209 1630 3252 ut
1642 3201 1711 3252 ait
1730 3198 2037 3253 Plutarchus
2053 3239 2067 3264 ,
2084 3217 2192 3251 non
2210 3210 2427 3252 constat.

1421 3276 1676 3332 Nonnulli
1685 3276 1985 3345 simpliciter
1996 3276 2224 3347 gladium
2240 3277 2384 3331 intell
2390 3279 2431 3329 i·-

1422 3365 1554 3426 gunt
1572 3372 1729 3423 quem
1740 3353 1938 3423 AEgeus
1959 3355 2054 3408 sub
2070 3374 2189 3408 saxo
2210 3356 2428 3409 abscon-

1423 3433 1626 3487 diderat
1650 3471 1666 3499 ,
1705 3444 1763 3487 ut
1794 3433 2028 3489 Theseus
2068 3433 2272 3489 adultus
2305 3455 2428 3489 eum

1421 3511 1545 3564 inde
1562 3510 1785 3578 tolleret,
1799 3530 1965 3582 eoque
1977 3512 2259 3565 instructus
2274 3513 2430 3567 Athe·

1423 3608 1518 3642 nas
1553 3588 1783 3651 veniret:
1815 3590 1918 3642 vid.
1948 3589 2210 3643 Mem-sius
2226 3630 2239 3656 ,
2271 3590 2427 3645 Thes.

1423 3686 1535 3737 cap.
1553 3666 1585 3718 3
1603 3705 1618 3732 ,
1644 3676 1698 3719 et
1720 3667 1850 3737 neg.
1875 3667 1985 3721 Au.
2012 3669 2125 3733 111,
2158 3672 2430 3723 1.—Fac1‘-

1423 3763 1534 3804 aus,
1567 3743 1810 3813 poculum
1824 3756 2145 3799 venenatum
2165 3786 2180 3811 ,
2197 3746 2333 3815 quod
2352 3749 2431 3800 sa-

1424 3821 1661 3875 cinorosa
1674 3820 1867 3875 Medea
1882 3832 2237 3890 paraverat.·—
2252 3824 2332 3877 Eo
2345 3844 2429 3876 ex·

1424 3917 1587 3961 casso,
1606 3908 1786 3969 erepto
1808 3899 1874 3951 ab
1886 3917 1977 3952 ore
1992 3938 2007 3966 ,
2017 3898 2231 3966 factiuns
2249 3902 2431 3972 prohi-

1424 3976 1595 4030 bitum
1616 3986 1709 4029 est.

1490 4058 1602 4123 424.
1625 4054 1834 4123 Effugi!
1852 4058 1959 4109 illa.
1995 4055 2211 4126 Aufugit
2238 4059 2429 4114 Medea

1425 4150 1551 4187 cum
1572 4131 1737 4187 Medo
1752 4131 1878 4199 filio,
1904 4152 2060 4201 quem
2079 4154 2140 4189 ex
2155 4134 2324 4205 AEgeo
2337 4152 2431 4203 pe-
2500 4126 2508 4135 ’
