2975 4784
659 416 1714 489 METAMORPHOSEON
1759 421 1949 489 LIB.
1998 422 2107 491 11.

2314 425 2446 518 ²3¹5

302 558 704 647 flectimur,
738 558 975 653 ignava
1010 576 1356 659 nequeunt
1390 560 1704 656 gravitate
1739 561 2007 635 moveri.

304 673 435 749 Illa
472 672 747 774 quidem
784 689 965 747 recto
1004 691 1264 773 pugnat
1297 701 1365 747 se
1398 673 1699 748 attollere
1732 692 1968 747 trunco
1998 704 2015 747 z

309 790 447 865 Sed
486 817 777 884 genuum
808 788 1116 887 junctura
1150 789 1360 884 riget,
1397 788 1743 889 frigusque
1779 817 1904 890 per
1931 806 2110 864 artus

306 905 637 990 Labitur;
677 921 744 978 et
775 901 1028 1005 pallent
1058 903 1300 977 amisso
1338 905 1659 998 sanguine
1695 932 1894 978 venae.

308 1023 540 1120 thue
575 1017 822 1093 malum
852 1018 981 1092 late
1016 1018 1188 1093 solet
1214 1018 1699 1094 immedicabile
1734 1048 1967 1095 cancer

2343 1045 2442 1100 825

310 1137 592 1237 Serpere
611 1190 631 1222 ,
670 1154 739 1208 et
770 1133 1004 1209 illaesas
1039 1135 1289 1209 vitiatis
1328 1135 1566 1210 addere
1601 1154 1865 1237 partes;

310 1251 425 1325 Sic
456 1247 674 1323 letalis
709 1249 922 1323 hiems
955 1248 1277 1351 paulatim
1312 1251 1381 1323 in
1416 1268 1689 1352 pectora
1722 1244 1946 1341 venit3

309 1364 700 1466 Vitalesque
736 1365 912 1453 viam,
950 1385 1019 1440 et
1054 1367 1485 1468 respiramina
1519 1366 1757 1441 clausit
1792 1397 1809 1440 ε

308 1482 450 1554 Nec
490 1496 730 1554 conata
761 1478 951 1581 loqui
982 1500 1118 1571 est;
1160 1510 1316 1571 nec,
1354 1481 1413 1554 si
1449 1499 1686 1556 conata
1720 1481 2000 1570 fuisset,

310 1596 521 1669 Vocis
555 1595 830 1671 haberet
866 1597 1035 1672 iter:
1066 1626 1294 1672 saxum
1320 1597 1454 1697 jam
1490 1596 1662 1672 colla
1694 1597 2005 1685 tenebat;

2346 1619 2450 1674 830

312 1712 595 1813 Oraque
627 1712 1024 1802 duruerant3
1062 1715 1459 1815 signumque
1497 1742 1824 1809 exsangue
1861 1713 2177 1788 sedebat:

310 1828 454 1901 Nec
490 1825 661 1928 lapis
691 1828 885 1904 albus
918 1847 1092 1918 erat,
1135 1859 1255 1905 sua
1285 1859 1471 1905 mens
1504 1829 1821 1906 infecerat
1849 1830 2049 1904 illam.

407 1945 601 2017 VIII.
650 1946 789 2019 Has
822 1946 946 2019 ubi
978 1946 1335 2021 verborum
1368 1975 1599 2049 poenas
1630 1946 2002 2047 mentisque
2032 1942 2328 2047 prosanae

318 2159 452 2203 noto
475 2159 531 2203 et
558 2150 726 2219 poetis
758 2150 1003 2204 familiari
1033 2152 1333 2222 graecismo,

321 2248 487 2298 quem
521 2229 767 2299 exemplis
804 2230 1025 2284 illustrat
1068 2232 1335 2286 Heinsius.

317 2330 385 2345 —-
420 2304 595 2358 Nostri
623 2304 847 2374 Codices
865 2308 1149 2373 ,fictilem
1194 2306 1334 2375 quod

317 2382 640 2450 pretulerim
661 2422 678 2448 ,
716 2382 908 2452 quippe
943 2382 1083 2452 quod
1117 2383 1335 2437 absolu-

316 2470 432 2512 tum
470 2479 484 2513 z
521 2478 613 2513 sut
645 2464 906 2529 lesquelles
941 2480 1006 2513 on
1025 2464 1239 2529 fle'chc'l,
1267 2482 1333 2515 οι

316 2541 512 2606 seple’e,
537 2557 602 2589 en
616 2538 921 2608 s'asseyant.
940 2537 1041 2590 Ed.
1057 2566 1125 2579 ·-
1136 2541 1342 2607 Pugnat

318 2636 372 2671 se
384 2617 656 2684 attollere,
680 2616 816 2683 utI,
833 2617 968 2671 685:
982 2625 1184 2687 pugna!
1195 2624 1337 2673 en'n-

316 2715 422 2749 ceoe
438 2714 662 2750 somnos.

377 2773 494 2825 823.
517 2773 710 2832 Artas,
736 2790 832 2841 pro
849 2791 954 2841 quo
970 2772 1137 2826 nostri
1162 2771 1336 2828 Codd.

319 2847 660 2919 διαίνομαι,
671 2849 860 2915 latiori,
878 2861 935 2903 ut
946 2851 1151 2904 videtur
1163 2851 1334 2919 nobis,

316 2927 719 2998 significatione.
742 2930 843 2981 Ed.
865 2957 932 2969 —
953 2932 1053 2983 Per
1069 2938 1213 2982 artus
1239 2947 1336 2999 pro

309 3025 402 3073 per
426 3027 618 3076 ungnes
640 3048 657 3069 ,
696 3026 758 3060 ex
789 3007 1021 3077 pluribus
1046 3008 1255 3062 Ciosani
1282 3017 1339 3063 et

320 3085 528 3138 Heinsii
554 3085 718 3139 MSS.
740 3085 946 3155 recepi;
978 3105 1168 3155 ungues
1190 3084 1337 3140 enim

320 3182 423 3217 nec
454 3164 644 3234 frigus,
682 3182 783 3218 nec
818 3163 1046 3217 calorem
1084 3163 1337 3218 sentiunt.

318 3242 455 3297 Vult
472 3253 645 3298 totum
658 3262 847 3314 corpus
866 3242 1039 3298 dicere
1050 3283 1066 3311 ,
1090 3244 1142 3297 id
1159 3255 1339 3303 autem

315 3333 459 3376 recte
481 3342 579 3393 per
598 3331 742 3377 ades
766 3324 1058 3392 (juncturas
1078 3324 1339 3378 membro-

316 3419 440 3453 rum
460 3439 477 3466 ,
513 3402 645 3454 item
673 3402 915 3454 membra
939 3401 1070 3471 ipsa)
1104 3411 1158 3454 et
1181 3421 1340 3455 unas

314 3479 580 3548 exprimit.
609 3479 681 3532 Et
712 3480 898 3549 passim
906 3480 1082 3548 frigus
1104 3490 1194 3534 aut
1226 3487 1338 3532 tte-

314 3566 584 3613 moranus
595 3579 839 3628 occupate
853 3559 1063 3614 dicitur:
1074 3559 1179 3614 vid.
1199 3557 1338 3612 Cios.

382 3641 501 3692 825.
535 3640 700 3707 thue
711 3642 899 3692 malunt
912 3649 1010 3692 etc.
1034 3636 1338 3692 Similitudo

318 3718 561 3788 apprime
599 3718 896 3773 claudicans
931 3738 945 3773 ι
977 3717 1175 3774 etenim
1210 3716 1338 3786 lapis

314 3797 487 3850 sactus
520 3814 645 3850 cum
684 3815 840 3851 carne
875 3814 1065 3850 cancro
1100 3796 1338 3849 absumta

318 3875 457 3930 male
482 3885 847 3945 comparatum
872 3886 989 3928 tum
1012 3893 1200 3927 oencer
1219 3874 1338 3928 len-

316 3952 518 4007 tissime
541 3952 733 4022 serpit,
761 3971 933 4021 neque
958 3961 1132 4005 totum
1151 3968 1338 4020 corpus

319 4041 558 4101 occupat.
585 4031 802 4085 Frustra
823 4028 1044 4100 subjecit
1059 4031 1336 4096 paulatin,

318 4119 383 4162 ut
416 4107 820 4164 similitudinem
852 4105 1117 4177 quandam
1149 4115 1339 4160 osten-

326 4184 495 4240 deret.
516 4212 586 4227 —-
603 4188 814 4252 Hiems,
839 4186 1032 4256 frigus,
1056 4185 1195 4254 iusto
1226 4183 1339 4238 du·-

1435 2156 1545 2209 rius
1565 2153 1631 2207 de
1655 2169 1874 2221 corpore
1893 2091 2149 2202 humano.
2168 2175 2237 2188 —-
2264 2150 2460 2202 Ve'talcs

1431 2237 1579 2294 wius,
1626 2231 1871 2292 canales,
1912 2226 2100 2296 quibus
2139 2225 2455 2296 respiramus

1432 2307 1634 2376 aliaque
1654 2323 1879 2359 munera
1895 2302 1960 2356 ad
1981 2303 2144 2355 vitam
2161 2312 2456 2356 sustentan-

1431 2386 1559 2440 dam
1579 2386 1826 2440 facimus:
1846 2388 1988 2436 vocis
2007 2386 2126 2444 iter,
2157 2381 2352 2434 arteria
2374 2400 2458 2434 as·-

1433 2485 1560 2536 pera
1577 2476 1632 2519 et
1648 2484 1736 2528 os;
1764 2462 1845 2516 Vl
1862 2502 1877 2528 ,
1899 2462 2026 2527 355,
2054 2465 2143 2513 w'a
2163 2464 2321 2512 voces
2345 2459 2457 2512 Lu·-

1432 2553 1560 2596 cret.
1579 2540 1690 2609 IV,
1715 2543 1841 2606 514.
1828 2558 1839 2571 ·
1855 2544 1967 2599 Her,
1985 2556 2086 2606 qua
2107 2555 2208 2589 wa:
2229 2541 2276 2588 it
2295 2541 2461 2589 ἰασα-

1429 2642 1535 2676 ras.
1555 2648 1622 2663 —
1638 2622 1875 2673 Habent.
1898 2618 2080 2672 Nostri
2099 2615 2324 2670 Codices
2342 2617 2455 2671 Re-

1434 2703 1504 2773 gii
1528 2703 1578 2755 A
1604 2711 1657 2754 et
1681 2700 2116 2767 B,habeba1.-
2141 2697 2288 2750 Colla
2311 2703 2459 2748 tene-

1432 2783 1553 2842 bat,
1596 2785 1941 2847 occupaverat
1975 2773 2205 2839 collum,
2251 2782 2310 2825 ut
2343 2772 2461 2842 376.

1431 2887 1502 2901 -
1525 2862 1795 2912 Dmeml.
1833 2854 2011 2910 Nostri
2055 2851 2283 2907 Codices
2324 2851 2455 2921 Reg.

1432 2941 1715 2990 duruerant.
1730 2933 1866 2988 Vide
1886 2932 1950 2986 ad
1971 2928 2448 3000 706.—-1nfecerat,

1432 3014 1662 3069 maculas
1679 3023 1769 3067 aut
1781 3011 1995 3082 nigrum
2010 3009 2060 3064 ei
2077 3008 2310 3063 colorem
2322 3026 2454 3061 con·-

1435 3102 1679 3146 traserat.
1732 3090 1960 3145 Servant
1991 3086 2236 3140 homines
2267 3085 2456 3139 mutati

1435 3169 1632 3238 aliquid
1658 3189 1688 3223 e
1723 3167 1940 3237 pristina
1978 3176 2201 3232 natura,
2239 3163 2452 3236 Lycaon

1433 3249 1699 3303 feritatem
1717 3287 1733 3314 ,
1758 3244 1985 3316 Daphne
2004 3244 2233 3298 nitorem
2249 3282 2265 3310 ,
2290 3252 2389 3296 etc.

1500 3326 1751 3394 833-875.
1781 3326 1900 3377 Has
1933 3328 2027 3377 ubi
2053 3334 2151 3378 etc.
2194 3323 2414 3392 Agenor
2432 3360 2450 3387 ,

1433 3424 1528 3458 rex
1550 3402 1854 3468 Phoenices‚
1883 3400 2043 3455 filiam
2067 3400 2251 3454 habuit
2276 3399 2455 3451 Euro-

1435 3503 1587 3554 pam,
1613 3501 1772 3553 quam
1796 3482 1988 3535 amavit
2010 3480 2238 3550 Jupiter.
2270 3479 2323 3533 Is
2345 3479 2455 3549 igi-

1435 3572 1560 3628 tur,
1605 3562 1663 3614 in
1701 3572 1913 3615 taurum
1949 3580 2163 3627 versus,
2196 3558 2456 3628 virginem

1433 3651 1640 3711 raptam
1673 3640 1829 3695 dorso
1877 3640 2140 3695 transtulit
2173 3657 2271 3708 per
2303 3656 2452 3692 mare

1434 3718 1884 3772 mediterraneum
1896 3719 1950 3772 in
1963 3718 2186 3773 insulam
2201 3715 2418 3771 Cretam
2437 3755 2453 3782 ,

1435 3795 1530 3851 ubi
1546 3815 1608 3849 ex
1629 3815 1691 3851 ea
1710 3797 1933 3868 suscepit
1958 3797 2235 3864 Minoem,
2258 3795 2456 3865 Sarpe-

1434 3873 1634 3928 donem
1667 3884 1721 3930 et
1746 3873 2227 3931 Rhadamanthum.
2267 3874 2457 3927 Fabu-

1433 3952 1540 4007 lam
1565 3953 1700 4007 hanc
1722 3953 1912 4024 partim
1935 3953 2295 4016 Phoeniciam,
2318 3968 2453 4020 par-

1433 4030 1532 4083 tim
1558 4029 1902 4099 Cretensem,
1929 4028 2290 4101 Pherecydes,
2320 4023 2457 4078 Hel-

1434 4107 1674 4175 lanicus,
1708 4108 2056 4162 Antimachus
2073 4146 2089 4175 ,
2127 4101 2418 4159 Anticlides
2438 4141 2454 4170 ,

1437 4183 1780 4254 Epimenides
1792 4193 2166 4249 narraret-anu
2192 4178 2461 4249 peculiari·
