2975 4784
469 335 558 419 24
1223 326 1275 399 P
1295 333 1710 401 RAEFATI
1732 334 1794 402 Ο

462 490 529 546 ct
562 498 707 572 quae
740 467 933 571 plura
967 486 1353 569 sequuntur.
1413 470 1726 572 Myrrha,
1781 471 1885 558 X,
1923 467 2062 562 455
2089 523 2108 556 ,

621 620 991 702 Nutricisque
1018 641 1244 681 manum
1272 620 1411 684 laeva
1435 634 1629 695 tenet;
1661 620 1831 682 altera
1862 632 2027 682 motu

625 720 865 781 Coecum
892 720 1003 780 iter
1020 718 1274 801 explorat
1304 719 1570 780 :thalami
1597 721 1705 800 jam
1726 718 1920 780 limina
1942 718 2162 800 tangitz

623 820 866 898 Jamque
894 817 1041 879 fores
1072 818 1286 900 aperit3
1313 820 1423 899 jam
1451 817 1681 879 ducitur
1709 819 1869 879 intus
1895 841 1911 878 ε
1941 831 1999 880 at
2030 817 2112 878 illi

620 915 846 997 Poplite
868 915 1138 978 succiduo
1166 935 1349 999 genua
1372 916 1750 993 intremuere,
1780 929 1887 977 etc.

466 1046 814 1117 Innumera
848 1039 995 1114 loca
1027 1041 1525 1115 transcribenda
1557 1058 1807 1130 essent,
1847 1042 1904 1115 si
1932 1040 2155 1115 omnia
2180 1038 2431 1115 adferre
2455 1039 2591 1114 vel-

465 1165 594 1241 lem
617 1221 636 1255 ,
673 1192 819 1266 quae
845 1165 968 1238 hac
994 1194 1062 1240 se
1084 1166 1324 1241 virtute
1357 1167 1839 1252 commendant.
1878 1170 1969 1241 Et
1988 1166 2350 1241 innumeris
2371 1165 2592 1240 modis

469 1289 806 1385 ingenium
829 1290 1211 1377 ostentavit,
1238 1289 1453 1387 aliter„
1477 1293 1613 1380 ΙΙΙ,
1648 1286 1823 1381 380,
1859 1293 1930 1365 in
1959 1291 2254 1366 Narcissi
2279 1307 2346 1365 et
2368 1289 2595 1364 Echus

474 1413 842 1514 colloquio;
871 1412 1079 1503 aliter,
1100 1416 1265 1502 VII,
1303 1413 1477 1504 813,
1513 1416 1584 1488 in
1616 1414 1903 1518 Cephali
1933 1413 2288 1504 cantilena3
2315 1413 2505 1489 aliter
2524 1414 2595 1487 in

478 1542 903 1617 conversione
934 1541 1245 1643 quadam,
1281 1544 1353 1630 I,
1393 1568 1552 1643 700.
1589 1542 1794 1616 Mitto
1815 1541 2169 1616 sententias
2186 1540 2556 1636 ingeniosas
2575 1594 2593 1626 ,

479 1671 725 1773 qualiS,
758 1673 856 1756 Π,
904 1669 988 1742 13
1008 1724 1027 1757 ,
1038 1669 1241 1770 facies
1273 1666 1391 1744 nan
1424 1671 1699 1745 amnibus
1730 1700 1883 1758 una,
1938 1674 2081 1755 Nec
2098 1670 2330 1746 diversa
2359 1684 2554 1744 tamen
2571 1727 2590 1754 ‚

478 1796 714 1898 qualem
739 1793 907 1867 decet
940 1822 1067 1868 esse
1089 1823 1375 1867 sororum.
1412 1794 1524 1867 Ad
1549 1823 1623 1868 ea
1656 1778 2150 1896 praevertamur,
2189 1823 2334 1897 quae
2367 1795 2600 1869 vitiose

479 1921 549 1993 in
580 1917 708 1992 hoc
738 1947 970 2015 genere
1006 1919 1090 2029 ali
1125 1948 1202 1992 eo
1239 1919 1486 2018 scripta
1517 1937 1694 1993 sunt.

575 2047 830 2145 Nempe
864 2045 1141 2117 luxuriat
1165 2061 1232 2118 et
1253 2042 1510 2117 lascivit
1531 2042 1672 2142 ejus
1696 2042 1993 2142 ingenium
2023 2071 2160 2116 non
2183 2070 2362 2130 raro,
2390 2069 2601 2141 quum

480 2199 602 2247 nec
634 2169 906 2244 modum
936 2169 1007 2241 in
1036 2169 1242 2243 rebus
1276 2167 1671 2242 exornandis
1707 2183 1955 2254 teneat,
1998 2195 2119 2241 nec
2172 2165 2334 2266 quid
2375 2163 2602 2239 deceat

487 2313 705 2384 curet3
736 2322 932 2397 quam
966 2292 1289 2367 luxuriem
1307 2293 1439 2392 jam
1467 2292 1731 2380 Seneca,
1756 2293 2069 2366 Controv.
2091 2282 2411 2379 XXVIII,
2430 2291 2499 2363 in
2525 2318 2604 2363 eo

483 2424 813 2523 vituperat
843 2450 858 2494 ε
896 2447 1031 2493 non
1061 2419 1281 2493 minus
1313 2418 1488 2491 enim
1517 2446 1822 2513 magnam
1855 2418 2168 2492 virtutem
2198 2445 2345 2491 esse
2370 2472 2389 2505 ,
2442 2416 2604 2490 scire

489 2547 780 2622 desinere
801 2600 820 2633 ,
860 2570 1058 2644 quam
1089 2542 1256 2615 scire
1292 2541 1523 2616 dicere.
1574 2544 1737 2641 Ejus
1785 2559 2002 2617 autem
2045 2543 2188 2618 vitii
2225 2540 2598 2644 exemplum

493 2689 813 2748 memorat
840 2687 1038 2769 atque
1065 2667 1351 2761 exagitat
1371 2667 1539 2740 alter
1558 2667 1835 2753 Seneca,
1866 2669 1949 2741 N.
1988 2668 2077 2764 Ω.
2099 2724 2119 2755 ,
2153 2669 2255 2742 ΠΙ
2274 2724 2293 2756 ,
2326 2694 2451 2767 273
2487 2666 2607 2741 ubi

494 2815 753 2884 monet,
788 2793 1104 2869 Ovidium
1138 2792 1209 2864 in
1240 2789 1487 2864 diluvio
1523 2789 1968 2867 Deucalioneo
1998 2821 2124 2893 pro
2155 2792 2608 2889 magnitudine

494 2922 592 2994 rei
623 2919 895 3005 dixisse,
944 2916 1174 2992 Omnia
1190 2930 1420 3015 pontus
1443 2930 1649 3003 erant,
1694 2915 1821 2990 ‘sed
1852 2945 2008 2990 mox
2035 2944 2185 3005 cum
2211 2916 2293 2991 ad
2324 2915 2608 3018 pucriles

501 3043 784 3149 ineptias
830 3040 1120 3116 delatum
1144 3098 1163 3130 ,
1208 3043 1354 3116 Nat
1399 3040 1581 3140 lupus
1622 3042 1779 3115 inter
1809 3068 1982 3127 oves,
2042 3060 2164 3117 etc.
2207 3069 2392 3115 :non
2439 3042 2612 3117 enim

504 3192 643 3241 esse
677 3192 814 3238 rem
850 3166 1009 3239 satis
1042 3165 1334 3241 sobriam
1353 3222 1373 3254 ‚
1400 3164 1696 3240 lascivire
1727 3165 2035 3241 devorato
2069 3167 2232 3242 orbe
2260 3184 2611 3253 terrarum;

502 3289 842 3387 magnifice
862 3288 1111 3364 dictum
1129 3319 1268 3366 esse
1288 3292 1453 3365 hoc:
1475 3289 1857 3390 Exspatiata
1874 3305 2184 3393 mamper
2199 3307 2459 3393 φοι-ωε,
2491 3307 2610 3365 etc.

505 3416 705 3491 modo
733 3445 870 3491 non
906 3434 1195 3491 curasset
1213 3472 1231 3506 ,
1266 3416 1427 3518 quid
1463 3442 1619 3489 oves
1648 3431 1717 3488 et
1746 3413 1892 3515 lupi
1923 3413 2202 3489 fecerint
2224 3446 2239 3489 :
2265 3394 2478 3490 natari
2503 3444 2620 3489 au-

506 3560 639 3616 tem
654 3542 725 3615 in
742 3539 991 3615 diluvio
1009 3568 1147 3614 non
1163 3542 1481 3642 potuisse,
1501 3539 1616 3616 sed
1643 3537 1874 3614 eodem
1896 3538 2148 3640 impetu
2175 3569 2379 3642 pecus
2404 3567 2618 3626 omne,

513 3696 647 3770 quo
665 3683 929 3766 raptum
947 3664 1180 3753 suerit,
1208 3680 1497 3740 mersum
1518 3692 1679 3739 esse.
1706 3663 1922 3738 Simili
1945 3666 2107 3777 vilio
2120 3723 2139 3755 ,
2173 3685 2411 3769 praeter
2431 3665 2590 3742 alias
2603 3722 2620 3753 ,

510 3791 772 3867 laborat
801 3787 1089 3862 Narcissi
1114 3784 1358 3859 fabula.
1388 3789 1486 3860 Ut
1506 3789 1815 3865 Narcisso
1841 3820 1959 3866 sua
1984 3792 2181 3868 facies
2199 3849 2219 3882 ,
2249 3793 2342 3867 sic
2377 3792 2622 3869 Ovidio

509 3919 650 4019 ejus
685 3914 937 3990 insania
969 3911 1295 4013 placuisse
1330 3902 1606 3986 videtur.
1661 3916 1800 3991 Nec
1822 3917 1891 3993 in
1924 3919 2225 3994 incendio
2259 3892 2492 3994 mundi
2517 3947 2625 3995 res

519 4042 742 4117 sobria
785 4054 924 4114 erat
973 4038 1077 4125 11,
1117 4033 1248 4107 331
1285 4035 1520 4133 jocari,
1554 4037 1829 4114 &cendia
1853 4042 2050 4117 lumen
2080 4042 2470 4130 Proebebant,
2502 4043 2626 4117 ali-
