2975 4784
593 311 1675 380 METAMORPHOSEON
1726 313 1918 381 LIB.
1974 313 2110 381 VI.

2283 314 2414 398 415

301 449 670 550 Quaesierat
703 449 931 524 studio
966 479 1209 526 nomen
1236 451 1660 526 memorabile
1680 507 1699 538 ‚
1737 452 2031 551 quamvis

304 568 472 640 Orta
507 567 710 642 domo
745 593 984 666 parva,
1022 567 1242 666 parvis
1275 566 1621 640 habitabat
1654 567 1987 667 Hypaepis.

301 681 524 780 Hujus
557 700 636 756 ut
667 680 1083 782 adspicerent
1115 707 1286 781 opus
1319 679 1738 768 admirabile,
1768 709 1936 783 saepe

300 797 668 872 Deseruere
705 798 810 870 sui
847 795 1167 896 Nymphae
1199 796 1417 870 vineta
1449 794 1722 897 Tymoli
1750 824 1766 882 ;
2365 823 2422 872 ιε,

300 914 669 989 Deseruere
708 941 861 988 suas
891 912 1215 1012 Nymphae
1249 911 1624 986 Pactolides
1652 912 1909 986 undas:

297 1030 438 1102 Nec
470 1029 674 1104 factas
708 1027 923 1102 solum
959 1044 1173 1101 vestes
1206 1044 1499 1128 spectare
1529 1027 1848 1127 juvabat3

297 1144 475 1217 Tum
511 1172 814 1244 quoque,
853 1170 1057 1243 quum
1087 1141 1320 1216 fierent
1350 1170 1366 1215 ε

1398 1158 1624 1215 tantus
1660 1139 1858 1214 decor
1890 1138 2105 1214 adsuit
2134 1142 2258 1216 arti
2288 1147 2305 1216 l

299 1257 451 1332 Sive
487 1258 718 1332 rudem
748 1257 1003 1358 primos
1031 1257 1243 1332 lanam
1280 1256 1694 1353 glomerabat
1725 1255 1794 1328 in
1827 1255 2062 1342 orbes;

298 1372 435 1446 Seu
470 1370 699 1465 digitis
734 1373 1087 1469 subigebat
1120 1401 1326 1474 opuS,
1363 1373 1772 1473 repetitaque
1808 1369 2013 1466 longo
2360 1408 2424 1443 20

297 1484 564 1560 Vellera
595 1485 902 1561 mollibat
933 1486 1212 1562 nebulas
1239 1488 1563 1588 aequantia
1597 1504 1847 1573 tractu3

305 1601 463 1675 Sive
499 1601 624 1676 levi
657 1620 924 1677 teretem
959 1603 1266 1678 versabat
1296 1600 1537 1704 pollice
1571 1600 1831 1686 susum3

295 1816 463 1851 mone
508 1799 720 1870 vulgari.
756 1828 824 1842 —
853 1803 957 1853 Illa
983 1841 998 1862 ,
1053 1799 1315 1855 Arachne.

299 1875 446 1928 Male
471 1859 706 1930 Lactant.
730 1877 786 1929 in
819 1877 944 1948 Arg.
969 1876 1081 1931 hac
1105 1895 1318 1947 quoque

297 1954 459 2008 verba
481 1954 546 2009 ad
572 1957 1014 2011 matrem‘retulit.
1028 1958 1309 2018 -studeb,

297 2042 414 2086 arte
441 2033 675 2087 textoria.
699 2036 977 2087 —Doaws
989 2054 1177 2102 parm,
1216 2033 1322 2086 bu-

295 2109 467 2175 milis‚
501 2129 600 2164 nec
625 2110 729 2166 ulla
751 2110 1002 2180 dignitate
1026 2111 1319 2180 conspicua.

295 2188 495 2240 Horat.
522 2187 577 2252 l,
608 2186 704 2255 Ep.
723 2203 790 2239 111
806 2225 822 2254 ,
851 2188 944 2253 28,
960 2193 1117 2254 parui
1132 2198 1184 2240 et
1198 2207 1321 2239 m—

279 2267 381 2332 pli
398 2262 495 2315 sibi
515 2263 749 2331 opposita
765 2282 829 2316 eo
852 2282 1022 2317 sensu.
1044 2268 1322 2337 —Hype-

277 2360 369 2409 pa
385 2379 400 2401 ,
425 2338 551 2392 urbs
567 2338 745 2411 Lydia
759 2340 898 2394 inter
910 2340 1161 2395 Tmolum
1173 2360 1323 2395 mon·

291 2433 412 2473 tem
448 2429 503 2472 et
527 2416 813 2491 Caystrum
834 2417 1059 2474 fluvium
1080 2461 1096 2488 ,
1123 2420 1188 2475 de
1219 2440 1323 2492 qua

293 2499 650 2553 Burmannus
674 2497 739 2552 ad
778 2500 996 2553 Petron.
1027 2500 1148 2570 137,
1175 2501 1324 2569 plura

293 2577 520 2631 notavit.
558 2577 682 2631 Fuit
726 2578 974 2644 obscura,
1015 2577 1159 2632 unde
1199 2581 1252 2633 h.
1290 2579 1323 2634 Ι.

282 2676 460 2723 patra
477 2695 492 2723 ,
529 2656 678 2710 etsie
701 2657 862 2710 etiam
879 2696 896 2725 ‚
928 2656 1042 2723 xl,
1071 2660 1162 2711 252
1180 2696 1198 2726 ‚
1234 2658 1325 2712 ubi

294 2744 358 2786 et
379 2731 446 2785 de
469 2733 584 2800 eius
602 2734 719 2788 situ.
1277 2797 1284 2804 Ι

378 2815 453 2864 15.
497 2813 773 2865 Deseruere
811 2817 900 2866 sue·
939 2815 1183 2886 Nympha·
1226 2823 1324 2869 etc.

295 2887 496 2942 Priscis
520 2890 843 2959 temporibus
866 2890 957 2943 Dii
976 2892 1211 2946 solebant
1236 2892 1323 2945 in-

296 2966 472 3018 visere
504 2966 760 3020 mortales.
811 2968 932 3021 Hoc
974 2969 1132 3038 igitur
1171 2980 1327 3039 poeta

295 3059 417 3095 non
445 3042 579 3095 male
605 3062 726 3097 usus
749 3053 826 3097 est
844 3043 909 3097 ad
929 3046 1324 3099 commendan-

297 3119 440 3173 dum
465 3119 734 3173 Arachnes
759 3139 904 3191 opus.
927 3149 991 3160 —
1006 3122 1091 3176 De
1126 3126 1332 3193 Tymoli

297 3198 434 3250 vino
461 3217 717 3267 generoso
736 3238 751 3265 ,
786 3199 979 3265 nobili,
1006 3198 1123 3252 vide
1148 3200 1213 3252 ad
1237 3200 1290 3253 11
1309 3239 1324 3267 ,

297 3294 423 3344 2¹7·
451 3276 627 3329 Poetis
649 3276 808 3330 etiam
833 3278 1037 3328 Tmolus
1071 3276 1327 3330 scribitur.

299 3353 449 3406 Vide
476 3353 806 3424 Stephanum
831 3353 894 3408 de
918 3353 1164 3408 Urbibus.
1185 3354 1328 3407 Hinc

296 3433 470 3491 etiam
495 3434 548 3487 h.
571 3434 601 3487 Ι.
628 3433 869 3487 nonnulli
894 3452 1015 3485 cum
1034 3432 1173 3485 Aldo
1195 3471 1211 3498 ,
1235 3431 1326 3485 sed

297 3522 486 3567 metro
507 3510 812 3566 adversante
832 3550 847 3577 ,
884 3513 1057 3564 Tmoli.
1085 3509 1214 3579 Ejus
1237 3516 1329 3562 vi-

295 3598 431 3644 nela
452 3601 575 3643 sunt
597 3591 756 3643 etiam
772 3629 787 3656 ,
816 3589 868 3642 11
895 3589 1030 3641 Fast.
1049 3588 1238 3640 313.-
1254 3586 1330 3639 Ex

295 3686 379 3723 eo
401 3667 673 3720 ,oriebatur
699 3669 965 3726 Pactolus,
1000 3663 1189 3717 fluvius
1213 3663 1329 3735 Ly-

297 3746 415 3802 dio
468 3744 674 3797 aurifer.
717 3744 1112 3813 Repetitionem
1149 3753 1331 3796 autem

296 3819 629 3878 eorumdem
678 3822 961 3872 verborum
986 3858 1002 3885 ‚
1061 3820 1225 3888 qualis
1273 3819 1330 3871 in

296 3902 416 3958 hoc
434 3911 488 3952 et
498 3900 736 3968 sequenti
753 3918 907 3953 versu
920 3938 935 3965 ,
958 3909 1100 3952 amat
1118 3900 1332 3953 Noster:

299 3980 332 4034 1
353 4016 373 4045 ,
402 3978 499 4030 325
532 3994 679 4046 sqq.;
720 3976 791 4042 V,
839 3978 936 4047 579
964 3996 1110 4046 sqq.;
1153 3974 1291 4030 vm
1312 4015 1327 4044 ,

297 4055 415 4108 628
450 4072 560 4123 sqq.

1471 1821 1490 1852 1
1500 1802 1546 1854 8.
1561 1802 1682 1853 Tum
1693 1817 1895 1868 quoque,
1912 1809 2009 1853 etc.
2026 1797 2277 1851 Heinsius
2291 1797 2431 1852 hunc

1415 1895 1624 1930 versum
1640 1876 1895 1945 superiori
1912 1874 2327 1945 preponendum
2343 1894 2433 1944 pu·

1414 1954 1587 2021 tabat,
1616 1973 1733 2008 eam
1756 1953 1921 2008 solam
1935 1953 2004 2006 ob
2025 1971 2235 2008 causam
2250 1991 2267 2019 ,
2289 1952 2431 2020 quod

1416 2052 1515 2104 pro
1536 2052 1630 2086 nec
1654 2032 1805 2085 multi
1837 2031 1999 2085 MSS.
2025 2031 2153 2084 dant
2175 2052 2289 2085 non.
2322 2031 2434 2084 Re·-

1416 2110 1484 2181 gii
1517 2110 1682 2162 nostri
1718 2108 1935 2176 quidem
1973 2108 2171 2160 habent
2202 2126 2335 2172 παθη
2373 2119 2427 2162 at

1415 2204 1628 2241 versum
1666 2183 1855 2238 eodem
1883 2186 1939 2237 in
1966 2184 2082 2237 loco
2109 2184 2429 2254 relinquunt.

1415 2267 1518 2318 Ed.
1546 2292 1612 2305 —
1648 2263 1753 2317 Hic
1783 2263 1924 2316 locus
1953 2261 2161 2316 laudem
2199 2275 2432 2317 meretur

1417 2342 1481 2396 ab
1507 2351 1617 2395 arte
1637 2381 1652 2409 ,
1697 2359 1802 2409 qua
1824 2340 2099 2410 ingenium
2123 2350 2289 2409 poetae
2316 2360 2433 2394 rem

1419 2421 1781 2475 tenuissimam
1797 2431 1849 2474 et
1866 2420 2135 2490 vulgarem
2150 2422 2436 2474 exornavit.

1416 2528 1484 2540 —
1507 2502 1679 2554 Decor
1692 2501 1866 2567 adsuit
1889 2504 2017 2560 arti,
2045 2498 2232 2553 decore
2255 2510 2433 2554 tracta-

1417 2579 1507 2632 bat
1539 2578 1739 2648 singula
1769 2577 1893 2630 artis
1918 2595 2058 2630 suc:
2086 2575 2202 2630 vide
2240 2577 2305 2630 ad
2330 2578 2433 2641 lv,

1419 2657 1535 2708 230.
1574 2653 1813 2723 Exempli
1850 2653 1963 2707 loco
2000 2653 2433 2723 preparationem

1416 2732 1551 2788 lanoe
1576 2733 1639 2787 ad
1668 2744 1867 2787 textum
1907 2744 2199 2798 memorat,
2240 2732 2305 2785 de
2330 2752 2433 2802 qua

1417 2815 1602 2866 confer
1623 2812 1977 2866 Claudianum
1995 2853 2011 2880 ,
2039 2829 2136 2878 xx,
2163 2812 2437 2867 383.-su—

1418 2892 1623 2958 bigeba!
1655 2890 1867 2957 melius,
1893 2908 2051 2958 quam
2082 2889 2346 2943 tractabat.
2370 2915 2437 2931 ·-—

1417 2970 1654 3036 Repetite
1678 3008 1692 3030 ,
1750 2969 1872 3037 quia
1919 2967 2153 3037 pluribus
2193 2970 2437 3020 tractibus

1418 3051 1689 3100 molliebat.
1710 3045 1850 3099 Vide
1871 3046 1934 3099 ad
1962 3046 2063 3111 IV,
2092 3046 2200 3116 733.
2220 3074 2287 3086 —
2316 3050 2437 3099 Vel*

1418 3132 1574 3181 lerum
1598 3124 1899 3180 teneritudo
1926 3125 2194 3195 eleganter
2218 3144 2431 3194 compa—

1419 3213 1569 3255 ratur
1590 3221 1713 3255 cum
1737 3206 1952 3262 nebulas,
1986 3201 2433 3270 quemadmodum

1420 3290 1603 3333 contra
1634 3278 1782 3348 Virg.
1805 3277 2000 3347 Georg.
2028 3279 2084 3344 l,
2111 3279 2227 3349 397,
2252 3281 2433 3334 nube-

1419 3354 1560 3410 culas
1590 3373 1713 3408 cum
1747 3353 1879 3407 lana
1914 3354 2188 3409 velleribus
2216 3358 2435 3409 confert.

1419 3436 1703 3487 -Mouire
1717 3473 1730 3494 ,
1753 3433 1958 3487 trabere
1978 3472 1994 3501 ,
2019 3445 2078 3488 ut
2093 3435 2271 3488 tenuia
2290 3434 2436 3487 fiant.

1426 3509 1701 3564 Claudian.
1730 3529 1742 3562 ε
1778 3513 1975 3564 Vellera
1988 3530 2086 3579 per
2115 3519 2286 3564 tenues
2305 3512 2445 3579 serti

1412 3592 1684 3656 producere
1718 3594 1901 3648 niteas,
1950 3590 2039 3642 ubi
2074 3590 2191 3643 vide
2216 3589 2438 3644 Gesner.

1424 3665 1601 3719 Etiam
1627 3673 1829 3718 tenuare
1860 3677 1913 3720 et
1940 3672 2157 3736 eliquare
2184 3667 2355 3721 lanam
2378 3668 2434 3722 in

1421 3762 1536 3796 usu.
1579 3742 1673 3797 Illa
1718 3747 1902 3797 vellem
1942 3744 2145 3797 Nostris
2186 3743 2436 3798 dicuntur

1405 3823 1625 3888 flocons.

1498 3919 1574 3951 aa.
1598 3900 1710 3952 Sive
1732 3902 1841 3951 lew·
1856 3906 2067 3952 teretem.
2093 3899 2288 3969 Regius
2317 3900 2436 3969 qui-

1422 3975 1544 4029 dam
1555 4015 1570 4043 ,
1586 3984 1691 4030 siae
1701 3982 1854 4031 leuem
1868 3982 2017 4029 lereti
2027 3988 2122 4031 etc.
2142 3977 2292 4047 Regii
2308 3997 2436 4031 nos-

1423 4053 1493 4106 tri
1533 4054 1728 4109 habent
1769 4054 2045 4124 vulgatam.
2095 4053 2295 4110 Conscr
2321 4093 2336 4120 ,
2379 4055 2435 4105 iu
