2975 4784
420 514 966 625 METAM
996 514 1947 624 ORPHOSEON
2027 520 2563 628 SERIES

1452 755 1569 809 Ex

535 955 644 1041 G.
718 953 1215 1040 CANTERI
1274 954 1618 1040 NOVIS
1681 954 2460 1044 LECTIONIBUS·

854 1195 1143 1265 NUNC
1206 1195 1553 1264 PAULO
1617 1195 2136 1266 AUCTIOR.

420 1575 512 1680 L
527 1623 556 1677 1
575 1621 641 1676 B.
665 1605 722 1676 l.
758 1603 1102 1704 Principio
1134 1601 1344 1677 Chaos
1363 1603 1435 1676 in
1455 1603 1749 1677 elementa
1774 1620 2065 1703 quatuor
2090 1632 2128 1677 a
2153 1602 2298 1676 Deo
2321 1602 2562 1678 distin-

420 1729 695 1825 guitum
734 1728 984 1829 quibus
1018 1754 1227 1829 quum
1257 1729 1363 1803 sui
1400 1729 1714 1804 darentur
1741 1726 1994 1816 1'ncoloe,
2037 1729 2232 1803 etiam
2267 1727 2449 1802 homo
2479 1756 2561 1802 ex

420 1867 588 1926 terra
605 1869 676 1926 et
693 1879 861 1954 aqua
884 1869 1140 1925 creatus
1166 1869 1286 1925 est.
1315 1852 1572 1927 Secutae
1593 1872 1752 1927 sunt
1775 1867 1983 1927 «τίσιες
2009 1849 2358 1926 hominum
2393 1880 2558 1952 qua-
2643 1928 2650 1935 ,

425 1993 619 2062 tuor,
658 1974 731 2047 in
757 2001 1040 2075 quarum
1061 1992 1433 2074 postrema,
1461 2003 1668 2074 eaque
1703 1974 2164 2061 vitiosissima,
2203 2002 2408 2073 quum
2442 1974 2566 2047 Gi

412 2112 678 2196 gaules,
710 2124 800 2170 ne
825 2096 1018 2169 terris
1049 2097 1346 2170 securior
1375 2114 1548 2170 esset
1582 2097 1823 2184 aether,
1857 2094 2110 2170 caeleste
2143 2122 2424 2189 regnum
2447 2121 2566 2193 pe·-

428 2235 658 2291 terent
675 2272 695 2302 ‚
737 2245 818 2290 ex
852 2247 1077 2292 eorum
1099 2274 1120 2306 ,
1159 2246 1196 2291 3
1228 2220 1397 2292 Jove
1433 2218 1987 2317 interemptorum
2013 2271 2033 2303 ,
2097 2217 2384 2313 sanguine
2415 2242 2569 2289 nova

425 2340 748 2414 hominum
766 2366 1043 2441 pmpago
1070 2357 1214 2415 orta
1247 2358 1369 2415 est.
1406 2339 1549 2438 Qui
1587 2368 1793 2440 quum
1824 2356 1891 2413 et
1919 2337 2053 2439 ipsi
2083 2353 2306 2410 essent
2329 2336 2521 2445 impii
2545 2392 2565 2422 ‚

418 2464 698 2565 Jupiter
738 2492 883 2537 non
923 2463 1128 2536 modo
1172 2462 1520 2570 Lycaonem
1556 2464 1629 2536 in
1660 2462 1869 2562 lupum
1908 2476 2124 2534 mutat
2145 2516 2165 2547 ‚
2202 2457 2319 2532 sed
2369 2485 2566 2532 omne

422 2615 635 2682 genus
668 2585 1032 2660 hominum
1066 2585 1577 2687 animaliumque
1612 2584 2021 2661 terrestrium
2046 2581 2274 2655 diluvio
2298 2578 2518 2680 perdit
2542 2636 2564 2667 ‚

416 2709 599 2784 unde
620 2707 758 2783 soli
776 2707 1254 2808 relinquuntur
1272 2707 1663 2810 superstites
1688 2706 2040 2783 Deucalion
2065 2700 2421 2809 etlfrrrha,
2449 2702 2567 2801 qui

418 2850 579 2932 post
602 2831 944 2907 redditam
970 2847 1208 2905 terram
1226 2888 1246 2919 ‚
1275 2832 1468 2930 jactis
1491 2845 1651 2931 post
1681 2847 1867 2925 terga
1885 2825 2213 2928 hpidibus,
2233 2823 2564 2898 humanum

418 2971 823 3055 repararunt
842 2980 1059 3053 genus.
1112 2951 1396 3053 Reliqua
1434 2952 1728 3026 animalia
1767 2965 2010 3052 sponte
2042 2976 2161 3022 sua
2193 2974 2275 3021 ex
2317 2945 2566 3020 humore

421 3095 493 3150 et
509 3078 713 3152 calon
734 3074 1142 3178 prodierunt
1163 3106 1180 3148 ε
1201 3076 1273 3148 ἱῐι
1299 3075 1549 3177 quibus
1574 3075 1772 3149 etiam
1797 3070 2010 3179 Ifflho
2028 3097 2319 3171 serpens.
2343 3071 2568 3166 Quem

422 3227 633 3298 quum
658 3198 960 3273 Phoebus
988 3197 1454 3306 interemisset,
1482 3195 1746 3303 Ifydhsbs
1767 3193 1946 3269 ludos
1965 3194 2038 3265 in
2062 3193 2158 3266 rei
2183 3191 2570 3266 memoriam

416 3321 742 3411 instituit,
764 3319 1025 3422 quibus
1049 3320 1329 3395 victores
1345 3318 1620 3395 aesculea
1644 3345 1895 3391 corona
1915 3314 2369 3401 donabantur;
2395 3341 2570 3385 non-

418 3446 582 3520 dum
623 3447 815 3520 enim
870 3461 1014 3517 erat
1060 3444 1267 3517 laurus
1289 3504 1308 3530 ,
1366 3445 1438 3517 in
1491 3470 1690 3542 quam
1734 3470 1893 3515 mox
1943 3438 2223 3540 Daphne
2243 3497 2262 3523 ‚
2328 3435 2574 3511 Phoebi

416 3597 718 3643 amorem
774 3565 1049 3660 fugiens
1070 3621 1090 3654 ‚
1140 3583 1242 3639 est
1295 3591 1630 3639 conversa.
1693 3561 1903 3659 Quod
1937 3589 2144 3661 quum
2187 3558 2532 3633 accidisset
2552 3612 2573 3645 ,

420 3708 573 3763 tum
601 3689 694 3764 ad
727 3705 998 3791 patrem
1042 3686 1184 3785 ejus
1231 3688 1526 3761 Peneum
1577 3683 1853 3784 reliquis
1882 3681 2135 3768 fluviiS‚
2173 3680 2308 3754 sive
2342 3697 2578 3776 gratu-

418 3813 647 3901 laudi,
684 3814 827 3887 sive
866 3809 1263 3884 consolandi
1297 3809 1509 3903 gratia
1528 3863 1548 3896 ‚
1611 3806 2060 3904 cougregatis,
2101 3802 2286 3877 solus
2317 3801 2578 3877 deside-

416 3955 609 4012 ratus
646 3954 757 4011 est
790 3932 1083 4009 Inachus
1105 3991 1127 4018 ,
1175 3930 1505 4004 sollicitus
1540 3930 1621 4004 de
1664 3931 1824 4005 Ione
1863 3929 2034 4014 filia,
2074 3954 2272 4024 quam
2315 3924 2583 4022 Jupiter

418 4077 580 4159 pust
612 4077 950 4159 stuprum
974 4055 1051 4126 in
1063 4055 1389 4156 juvenem
1428 4068 1812 4158 mutaret-ap
1848 4052 1952 4120 Ea
1987 4071 2193 4142 quum
2231 4072 2271 4117 a
2313 4045 2356 4114 J
2361 4067 2586 4115 unone

612 4190 790 4260 111.
2265 4174 2304 4236 3
