2975 4784
641 407 1690 478 METAMORPHOSEON
1743 409 1940 482 LIB.
1997 415 2136 486 VI.

2326 413 2457 498 425

338 543 612 641 Virgine
643 546 712 619 in
751 545 971 621 AEolia
1003 547 1277 647 posuit:
1315 565 1383 620 tu
1421 547 1604 622 visus
1632 549 1929 650 Enipeus

346 662 583 757 Gignis
613 659 891 735 Aloidas
921 691 936 734 ε
967 662 1136 736 aries
1167 661 1490 737 Bisaltida
1527 661 1744 739 fallis:

339 778 430 849 Et
467 792 527 849 te
546 832 565 863 ‚
598 775 762 851 flava
792 804 1012 850 comas
1033 831 1053 864 ‚
1086 774 1353 872 frugum
1386 778 1735 853 mitissima
1771 781 2021 870 Mater,

289 937 296 946 -
344 891 568 965 Sensit
597 919 844 992 equum
871 919 889 964 t
919 908 984 965 te
1015 892 1224 965 sensit
1258 922 1440 967 avem
1468 894 1705 970 crinita
1739 894 2034 970 colubris

344 1009 566 1082 Mater
596 1007 750 1108 equi
779 1006 1067 1082 volucris
1096 1037 1112 1081 :
1143 1009 1352 1083 sensit
1386 1008 1699 1111 delphina
1729 1008 2098 1086 Melantho.

2376 1052 2469 1090 12⁰

348 1123 688 1198 Omnibus
721 1123 827 1197 his
859 1121 1222 1225 faciemque
1251 1153 1434 1200 suam
1455 1182 1474 1215 ‚
1513 1127 1876 1229 faciemque
1912 1124 2213 1202 locorum

345 1240 671 1315 Reddidit
699 1270 713 1311 :
745 1257 846 1313 est
878 1238 1014 1314 illic
1048 1242 1324 1337 agrestis
1363 1242 1645 1339 imagine
1674 1243 2011 1332 Phoebus3

344 1358 574 1456 thue
605 1356 807 1430 modo
843 1357 1178 1459 accipitris
1207 1385 1498 1458 pennas,
1534 1359 1738 1436 modo
1775 1377 1957 1456 terga
1990 1358 2204 1434 leonis

352 1471 682 1561 Gesserit;
719 1491 797 1547 ut
821 1491 1052 1574 pastor
1084 1474 1461 1550 Macareida
1496 1473 1730 1549 luserit
1759 1477 1966 1549 Issen.

340 1589 547 1663 Liber
579 1607 655 1663 ut
689 1591 1029 1686 Erigonen
1058 1589 1223 1665 salsa
1254 1592 1589 1693 deceperit
1619 1620 1744 1666 uva
1772 1622 1790 1665 ε

2382 1612 2473 1663 1οό

267 1702 282 1722 ”
343 1707 442 1778 Ut
477 1705 801 1780 Saturnus
835 1736 1010 1808 equo
1049 1707 1383 1801 geminum
1421 1707 1720 1781 Chirona
1754 1708 2006 1786 crearit.

342 1819 597 1894 Ultima
632 1850 784 1922 pars
819 1821 996 1911 telae,
1035 1822 1219 1896 tenui
1251 1822 1653 1897 circumdata
1689 1822 1940 1912 limbo,

342 1936 696 2012 Nexilibus
727 1937 923 2011 flores
953 1936 1219 2013 hederis
1250 1939 1452 2013 habet
1484 1940 1895 2015 intertextos.

442 2054 600 2125 Non
635 2050 805 2126 illud
836 2051 1053 2127 Pallas
1074 2109 1094 2140 ‚
1131 2082 1270 2126 non
1303 2053 1471 2128 illud
1506 2084 1768 2157 carpere
1800 2055 1971 2129 livor

349 2167 576 2241 Possit
607 2195 827 2267 opus:
861 2165 1083 2278 doluit
1114 2196 1421 2243 successu
1456 2167 1622 2243 flava
1652 2169 1879 2264 virago
1906 2197 1924 2256 ;

419 2377 530 2432 116.
550 2380 725 2431 &aa
749 2383 917 2447 virgo,
946 2378 1030 2432 vel
1054 2381 1201 2434 Arne
1222 2420 1237 2447 ,
1274 2380 1363 2434 vel

349 2454 589 2522 Canace,
619 2455 760 2508 AEoli
792 2455 928 2522 filia,
962 2475 1121 2526 quam
1151 2458 1360 2526 Neptu-—

345 2551 447 2586 nus
475 2533 533 2586 iu
580 2542 793 2587 taurum
834 2552 1116 2589 conversus
1148 2535 1364 2590 vitiavit.

345 2639 412 2651 —
434 2614 686 2679 Enipeus,
718 2612 908 2668 fluvius
951 2614 1230 2669 Thessalia
1252 2653 1268 2682 ,
1304 2614 1363 2667 in

350 2707 508 2757 quem
531 2689 811 2760 Neptunus
831 2709 1111 2745 conversus
1139 2691 1364 2762 Iphime-

346 2765 524 2833 diam,
568 2766 689 2820 Aloi
733 2787 952 2824 uxorem
973 2809 988 2835 ,
1025 2770 1362 2840 compressit,

348 2862 410 2896 ex
450 2863 554 2914 qua
601 2847 710 2898 nati
747 2845 923 2901 Otbus
962 2858 1017 2902 et
1062 2848 1326 2920 Ephialtes
1344 2887 1362 2915 ‚

350 2924 551 2977 Aloide
586 2924 724 2977 dicti.
760 2927 983 2980 Homer.
1021 2927 1129 2981 Od.
1163 2939 1203 2983 A
1218 2969 1232 2995 ,
1265 2928 1365 2994 304

346 3020 458 3071 sqq.
478 3021 493 3062 ;
516 3001 696 3070 Vir-gil.
720 3001 934 3056 AEneid.
967 3003 1046 3057 vl
1070 3044 1085 3071 ,
1133 3007 1226 3059 582
1249 3024 1362 3075 sqq.

347 3109 417 3122 -—
431 3083 718 3142 Beli-allido,
758 3082 1122 3151 Theophanen
1142 3125 1158 3151 ‚
1183 3086 1367 3140 Bisalti

351 3157 514 3210 filiam
530 3197 545 3224 ,
565 3175 723 3226 quam
741 3159 1020 3228 Neptunus
1035 3160 1090 3212 in
1106 3180 1257 3215 ovem
1274 3202 1289 3229 ,
1311 3181 1366 3216 se

352 3245 531 3289 autem
557 3236 614 3287 in
649 3234 866 3289 arietem
907 3238 1144 3290 mutavit.
1167 3239 1366 3311 Hygia.

350 3312 524 3366 sabula
557 3314 663 3367 188.

423 3392 532 3445 118.
565 3394 643 3444 E!
667 3400 750 3454 te,
777 3395 918 3458 flava
941 3402 1039 3446 etc.
1081 3390 1273 3458 Ceres,
1308 3403 1370 3446 ut

353 3470 593 3537 Neptuni
637 3469 851 3524 insidias
904 3471 1109 3540 sugeret
1137 3508 1153 3534 ‚
1204 3488 1259 3522 se
1310 3468 1368 3521 in

350 3566 543 3617 equam
557 3548 807 3612 mutavit;
826 3547 965 3617 quod
985 3565 1150 3616 quum
1171 3547 1368 3615 Neptu·

351 3642 455 3677 nus
467 3625 700 3678 rescisset
718 3664 734 3691 ‚
753 3624 809 3677 in
831 3643 1031 3694 equum
1053 3634 1106 3676 et
1129 3625 1236 3692 ipse
1247 3641 1369 3676 con·

350 3720 531 3755 versus
546 3720 663 3754 eam
680 3703 810 3755 iniit.
834 3702 967 3756 lude
993 3711 1147 3754 natus
1162 3702 1331 3754 Arion
1350 3742 1366 3768 ‚

352 3798 536 3848 equus.
549 3807 616 3820 —-
629 3781 802 3833 Auem.
821 3781 973 3851 Regii
987 3781 1151 3833 nostri
1174 3779 1371 3834 habent

350 3877 529 3928 equum
545 3898 558 3914 .
588 3859 837 3926 quoniam
859 3859 924 3912 de
945 3859 1145 3928 Pegaso
1167 3858 1367 3929 agitur:

351 3935 674 3990 recentiores
699 3937 1011 4005 repetitione
1036 3936 1175 3989 vocis
1194 3956 1369 4004 equum

354 4011 568 4079 offensi,
596 4023 884 4080 posuerunt
908 4029 1083 4075 avenn
1118 4022 1170 4065 at
1193 4012 1368 4065 nescio

355 4109 424 4144 an
472 4091 700 4161 Pegasus
718 4130 733 4157 ‚
780 4091 981 4144 etiamsi
1025 4091 1213 4156 alatus,
1259 4095 1369 4143 ante

356 4177 495 4222 recte
520 4167 622 4223 dici
646 4169 817 4238 possit.
853 4172 954 4224 Ed.
977 4196 1043 4213 ·-·
1066 4171 1264 4225 Cretera
1277 4186 1369 4223 co-

2385 2192 2477 2244 130

1458 2384 1656 2445 labris,-
1684 2380 1910 2434 Medusa
1926 2419 1941 2448 ,
1980 2397 2096 2450 qua
2131 2398 2192 2432 ex
2223 2379 2475 2449 Neptuno

1458 2458 1699 2528 concepit
1756 2459 2031 2528 Pegasum.
2067 2483 2134 2498 -
2176 2458 2471 2522 Melantho,

1459 2534 1796 2589 Deucalionis
1818 2534 1940 2587 tilia.

1533 2633 1639 2664 121.
1661 2616 1864 2665 Faciem
1886 2629 2056 2672 suam,
2088 2611 2315 2663 sormam
2335 2626 2475 2675 eam,

1459 2689 1558 2743 sub
1582 2707 1685 2759 qua
1709 2688 1953 2742 mulieres
1974 2694 2477 2757 compresserunt.—

1462 2769 1720 2820 Reddide‘t.
1734 2768 1772 2820 J
1776 2766 1951 2821 unian.
1966 2776 2020 2820 et
2036 2785 2171 2820 unus
2184 2763 2479 2831 Mediceus‚

1460 2848 1676 2898 addt'de‘t.
1694 2845 1858 2898 Hunc
1876 2861 2087 2898 versum
2107 2843 2303 2912 Regius
2318 2842 2384 2907 B,
2407 2842 2478 2895 ita

1460 2922 1840 2978 claudicantem
1853 2922 2006 2975 habet
2032 2941 2046 2974 z
2073 2921 2349 2974 Reddidit:
2368 2922 2479 2973 ime

1460 3005 1677 3069 agreste}
1693 3005 1911 3068 tbap'ne
1917 3000 2143 3053 phebus.
2152 2999 2477 3064 -Agreslttn

1463 3097 1631 3148 quum
1653 3079 1791 3147 pavit
1815 3076 2029 3131 Admeti
2050 3084 2308 3129 armenta.
2347 3075 2445 3128 Ed.

1534 3160 1642 3224 124.
1665 3159 1989 3218 Macareida,
2024 3155 2255 3210 Macarei
2281 3153 2440 3208 filiam
2457 3192 2474 3221 ,

1464 3232 1547 3285 vel
1584 3232 1828 3285 Lesbiam
1854 3232 1936 3285 vel
1966 3232 2238 3285 Enboeam.
2259 3259 2325 3273 —
2345 3234 2479 3286 Eri-

1459 3328 1618 3379 pne,
1645 3309 1778 3363 Icari
1802 3307 1923 3361 filia.

1538 3388 1644 3442 126.
1674 3388 1749 3439 U!
1766 3388 2010 3439 Saturnus
2032 3387 2087 3440 in
2117 3405 2313 3458 equum
2337 3406 2477 3441 con-

1463 3484 1644 3519 versus
1660 3484 1721 3517 ex
1735 3464 1947 3536 Philyra
1963 3465 2144 3534 genuit
2166 3476 2477 3520 centaurum

1469 3546 1704 3598 Chirona.
1722 3541 1819 3598 Ed.
1843 3570 1910 3582 —
1935 3546 2228 3606 Geminum,
2277 3544 2397 3612 quia
2417 3563 2478 3597 ex

1465 3631 1613 3691 parte
1629 3639 1794 3689 equus
1809 3660 1825 3688 ,
1851 3640 1912 3675 ex
1936 3631 2080 3690 parte
2098 3622 2276 3675 homo.
2298 3623 2396 3674 Ed.
2411 3649 2479 3662 -

1475 3704 1640 3754 Tenui
1649 3703 1802 3753 [mbo
1816 3741 1829 3763 ‚
1850 3701 2022 3754 subtili
2038 3701 2213 3764 fasciag
2240 3711 2318 3754 est
2333 3701 2477 3754 enim

1464 3784 1648 3834 Iebrbus
1664 3780 1815 3833 fascia
1838 3780 2079 3833 ultimam
2104 3779 2258 3834 vestis
2271 3790 2477 3850 partem

1467 3857 1717 3911 ambiens.
1741 3859 1841 3910 Ed.
1864 3884 1931 3897 —
1957 3859 2270 3911 laterteaetos.
2298 3855 2483 3912 Codex

1467 3938 1663 4008 Regius
1679 3937 1725 3990 B
1746 3976 1761 4004 ,
1785 3941 2115 3990 thlemessttos.

1535 4037 1555 4070 ι
1566 4038 1643 4090 ²9·
1660 4018 1774 4069 Non
1788 4017 2125 4079 illudpallaes,
2142 4025 2238 4069 etc.
2251 4015 2288 4067 J
2291 4033 2375 4068 am
2395 4012 2480 4066 hic

1466 4104 1724 4164 exspectat
1750 4093 1913 4148 lector
1927 4092 2123 4147 exitum
2147 4090 2449 4147 certaminis
2464 4126 2482 4154 ,

1463 4179 1519 4223 et
1555 4169 1813 4238 judicium
1848 4168 1915 4225 de
1956 4161 2226 4239 utriusque
2264 4162 2483 4221 lanifica
