2975 4784
547 387 667 432 112

1132 363 1213 430 Ρ.
1263 361 1622 433 OVIDII
1673 358 2117 435 NASONIS

544 537 582 574 n
617 505 768 576 Vox
803 519 994 578 canet
1014 558 1034 592 ‚
1068 520 1136 578 et
1169 502 1407 599 longas
1438 505 1656 581 visent
1692 502 2021 608 Capitolia
2054 532 2353 607 pompas.

546 653 581 686 n
622 620 943 694 Postibus
975 620 1306 717 Augustis
1337 620 1562 697 eadem
1591 621 1912 698 fidissima
1943 641 2170 698 custos

544 767 583 802 ι»
623 736 802 810 Ante
828 733 1006 809 sores
1038 733 1290 823 stabis3
1327 736 1743 838 mediamque
1780 737 2047 813 tuebere
2083 765 2420 838 quercum.
2455 725 2460 731 ’

547 882 585 918 »
626 852 851 950 thue
883 877 1105 925 meum
1137 850 1429 924 intonsis
1455 868 1656 952 caput
1689 870 1789 925 est
1814 849 2102 949 juvenile
2128 850 2431 952 capillis;

545 1000 582 1035 s
619 968 728 1041 Tu
752 995 1022 1068 quoque
1042 982 1407 1069 perpetuos
1424 995 1689 1068 semper
1709 996 1861 1063 gere
1883 967 2144 1043 frondis
2166 968 2482 1045 bonores.
2517 1001 2555 1036 n
2581 992 2681 1046 565

537 1082 830 1159 Finierat
864 1083 1077 1158 Paeau.
1112 1081 1334 1156 Factis
1357 1081 1562 1155 modo
1596 1084 1849 1157 Laurea
1879 1083 2080 1157 ramis

540 1277 733 1350 Apollo
750 1278 806 1332 in
823 1278 1085 1333 honorem
1103 1278 1471 1332 Romanorum
1488 1290 1562 1333 at·

539 1376 643 1428 que
668 1357 930 1429 Augusti:
966 1356 1018 1410 b.
1053 1376 1099 1410 e.
1133 1368 1286 1427 poeta
1319 1357 1564 1410 adulatur

535 1436 734 1490 civibus
759 1436 864 1489 suis
887 1446 1045 1506 atque
1071 1436 1325 1506 Augusto.
1359 1435 1564 1490 Laurus

539 1513 677 1584 apud
706 1514 978 1567 Romanos
1000 1513 1203 1583 insigne
1232 1523 1347 1566 erat
1371 1523 1425 1566 et
1452 1513 1565 1565 vic-

540 1589 688 1645 toriae
723 1589 893 1660 (unde
916 1594 1092 1644 lauras
1114 1610 1211 1660 pro
1244 1591 1351 1661 ipsa
1383 1590 1562 1644 victo-

537 1669 616 1723 ria
641 1670 914 1740 ponitur),
940 1680 997 1722 et
1020 1669 1301 1739 triumpbi3
1329 1689 1563 1739 namque

536 1758 656 1818 post
679 1747 1017 1816 impetratam
1036 1747 1309 1801 victoriam
1335 1748 1563 1817 impera-

537 1835 719 1879 torum
740 1824 906 1877 litere
928 1834 983 1877 et
1002 1826 1164 1879 fasces
1183 1864 1200 1891 ,
1226 1825 1560 1894 militumque

534 1902 731 1957 lancea
777 1912 835 1956 et
880 1902 985 1973 pila
1023 1903 1174 1956 lauro
1217 1904 1559 1958 ornabantur.

538 1977 674 2034 Inde
698 1997 859 2050 porro
882 1998 912 2033 a
935 1990 1173 2050 tempore
1201 1978 1420 2034 Cesaris
1441 1979 1560 2032 im-

535 2067 805 2128 peratores
865 2057 1251 2129 triumphantes
1303 2076 1559 2113 coronam

535 2135 769 2189 lauream
797 2138 965 2205 capite
990 2137 1275 2207 gerebant,
1305 2156 1559 2192 ramum-

537 2233 640 2285 que
665 2214 907 2268 laureum
929 2232 1097 2268 manu
1121 2215 1371 2269 tenebant
1395 2231 1408 2265 :
1437 2215 1558 2271 vide

537 2292 675 2346 Pliu.
713 2293 786 2346 H.
818 2292 888 2348 N.
926 2291 1068 2360 XV,
1108 2295 1219 2358 3o;
1270 2294 1359 2348 ubi
1397 2294 1560 2349 etiam

535 2389 703 2425 causo
731 2381 1218 2425 commemorantur
1242 2371 1400 2440 hujus
1424 2373 1558 2428 tanti

537 2448 753 2502 honoris
771 2449 920 2502 lauro
942 2448 1120 2502 habiti.
1134 2477 1202 2490 —-
1218 2450 1413 2512 Lalz‘tls,
1442 2450 1559 2503 La-

533 2527 682 2581 tinis:
703 2525 820 2580 vide
844 2526 1031 2580 Heius.
1043 2528 1295 2581 ——Lalie's
1310 2547 1407 2597 pro
1427 2531 1559 2582 letis

534 2607 787 2663 debemus
814 2607 1020 2661 Heinsii
1045 2607 1357 2678 ingenio.—
1384 2605 1557 2662 codd.

532 2685 700 2741 nostri
712 2725 728 2753 ‚
742 2691 887 2739 lett‘s.
900 2713 968 2725 —
980 2688 1166 2744 adens,
1184 2704 1371 2738 eorum
1391 2688 1559 2755 capita

535 2774 588 2818 et
627 2783 818 2818 manus
851 2763 1075 2816 ornabis.
1110 2763 1190 2816 lta
1225 2765 1432 2824 adesse,
1472 2764 1552 2826 X,

538 2845 629 2911 ¹4²
642 2884 658 2909 ,
681 2842 747 2896 de
772 2861 1018 2913 cupressu
1043 2860 1057 2894 :
1080 2844 1249 2894 aderis
1259 2844 1557 2909 lugentibus.

603 2921 717 2974 561.
758 2923 965 2989 longas
995 2938 1225 2988 pompas.
1272 2919 1458 2975 Heius.
1497 2941 1560 2975 ex

533 2996 738 3051 duobus
758 2999 863 3053 suis
879 3038 895 3061 ,
919 2997 1167 3070 scaligeri
1189 3016 1247 3051 ac
1271 2998 1448 3051 Jureti
1469 3019 1558 3052 ex-

531 3075 722 3144 cerptis
744 3086 798 3128 et
817 3074 1012 3130 Grevii
1044 3073 1177 3128 Cod.
1191 3114 1207 3142 ‚
1231 3078 1391 3143 longe
1406 3096 1558 3144 pom-

523 3170 621 3219 pe.
647 3151 761 3205 Nec
788 3151 1021 3223 displicet
1047 3152 1095 3206 ei
1138 3157 1322 3207 ducent
1341 3173 1559 3221 pompas

530 3247 653 3283 cum
673 3228 1070 3284 Bai-beriniano.
1096 3231 1337 3285 Francos.
1353 3270 1369 3298 ,
1399 3234 1556 3299 longa

518 3325 734 3375 pompa,
762 3324 874 3359 non
906 3307 1238 3376 improbante
1274 3309 1459 3364 Burm.
1487 3337 1556 3349 -—-

529 3384 768 3439 Currum
780 3385 1151 3458 triumphantis
1159 3389 1429 3444 anteibant
1438 3408 1553 3459 cap·

524 3464 616 3517 tivi
637 3473 689 3516 et
707 3483 791 3516 res
813 3462 950 3516 bello
971 3475 1167 3532 captam
1191 3468 1554 3535 sequebantur

524 3538 716 3595 milites
733 3580 749 3608 ‚
774 3540 900 3594 binc
920 3544 1083 3608 longe
1096 3561 1313 3611 pompe.
1351 3543 1554 3599 Milites

524 3616 717 3689 magua
762 3631 818 3674 et
848 3625 967 3673 leta
1000 3640 1126 3674 voce
1164 3627 1417 3676 canebant
1434 3664 1450 3692 ‚
1488 3625 1552 3678 lo

442 3731 447 3740 ·
525 3696 809 3766 triumphe!
826 3698 1033 3752 Urbem
1047 3698 1285 3769 ingressi,
1301 3700 1551 3768 petebant

523 3792 618 3845 per
643 3774 781 3827 viam
804 3793 1002 3827 sacram
1032 3777 1363 3843 Capitolium,
1394 3787 1453 3829 ut
1476 3776 1551 3828 ibi

523 3851 716 3907 hostias
750 3862 1074 3919 mactarent,
1115 3852 1344 3920 Jovique
1375 3851 1550 3922 Capi-

521 3933 689 3987 tolino
714 3943 835 3986 vota
854 3932 1212 4003 persolverent
1234 3949 1247 3983 z
1282 3928 1401 3983 vide
1428 3931 1511 3984 lv
1529 3972 1546 4000 ,

523 4010 681 4067 Trist.
707 4011 792 4077 Π.
828 4017 886 4065 51
905 4027 1046 4079 sqq.;
1069 4009 1257 4062 Horat.
1288 4008 1457 4077 Epod.
1476 4030 1544 4083 93

519 4087 714 4144 Tibull.
733 4088 809 4156 11,
834 4088 868 4140 6
885 4108 900 4153 3
917 4084 1135 4156 Josepb.
1157 4083 1221 4138 B.
1243 4083 1373 4137 Jud.
1396 4084 1506 4141 vll
1522 4124 1540 4152 ,

842 4179 883 4220 ν

1662 1282 1812 1333 18.—
1828 1282 2086 1347 Capitolia
2105 1284 2494 1348 vis-eulpompas
2516 1281 2683 1352 magis

1657 1359 1926 1427 poeticum
1969 1358 2100 1413 mibi
2150 1357 2426 1412 videbatur
2443 1398 2460 1424 ,
2518 1379 2681 1429 quam

1658 1437 1883 1490 alterum
1900 1475 1918 1503 ,
1952 1456 2156 1506 pompa
2183 1443 2350 1491 visen!
2386 1439 2644 1506 Capitolia
2659 1455 2685 1505 ,-

1655 1512 1831 1581 itaque
1845 1512 1973 1566 illud
1983 1513 2236 1568 revocavi.
2256 1514 2394 1568 Ptin.
2413 1515 2545 1568 Pan.
2557 1530 2679 1581 m,

1656 1590 1688 1643 3
1711 1594 1980 1659 :Accipiet
2003 1595 2306 1659 Capitolium
2328 1613 2428 1647 noa
2451 1597 2683 1647 minaces

1654 1689 1829 1724 cums
1847 1711 1861 1734 ,
1894 1675 1994 1725 sed
2006 1677 2351 1739 twa-talarem
2372 1683 2472 1727 etc.

1724 1748 1836 1801 562.
1860 1752 2102 1802 Postibus
2122 1752 2375 1818 Augustis
2390 1762 2487 1805 etc.
2507 1751 2684 1822 Supra

1657 1824 1799 1878 sores
1825 1825 2008 1878 Palatii
2038 1826 2197 1880 civica
2222 1845 2252 1879 e
2284 1846 2466 1895 quemn
2483 1847 2682 1882 corona

1653 1919 1903 1970 suspensa
1914 1913 2030 1957 erat
2046 1943 2061 1965 .
2084 1915 2140 1957 et
2156 1904 2222 1957 ad
2241 1915 2527 1976 utrumque
2547 1907 2684 1962 latus

1654 1982 1829 2032 laurus
1861 1980 2028 2036 stabat
2047 2021 2063 2047 ‚
2106 1982 2434 2052 triumphalis
2477 1983 2636 2037 arbor
2664 2007 2681 2041 ε

1657 2054 1793 2110 Fast.
1811 2058 1890 2111 lv
1912 2098 1928 2126 ‚
1948 2059 2071 2131 5933
2094 2059 2177 2113 111
2193 2099 2209 2125 ‚
2236 2060 2395 2116 Trist.
2416 2078 2462 2128 1,
2490 2063 2681 2130 35-48,

1656 2136 1744 2190 ubi
1762 2136 1937 2207 plures
1952 2137 2066 2205 ejus
2088 2137 2303 2192 honoris
2318 2158 2505 2194 causae.
2523 2141 2684 2194 Eam-

1659 2214 1785 2271 dem
1815 2215 2060 2269 arborem
2092 2226 2148 2270 et
2179 2215 2352 2271 Graeci
2385 2229 2507 2272 aute
2540 2221 2685 2273 sores

1654 2292 1973 2346 collocabant
1988 2312 2001 2345 :
2015 2292 2308 2365 Hesychia
2317 2295 2684 2363 xssuoaplin.

1657 2370 1730 2423 H.
1765 2370 1831 2424 N.
1865 2375 1955 2436 15,
1982 2371 2048 2423 30
2080 2371 2188 2440 sqq.
2212 2371 2280 2443 39
2312 2391 2325 2425 ι
2366 2374 2571 2425 haras
2604 2379 2690 2428 vel

1647 2453 1945 2516 gratissima
1965 2449 2219 2511 domibus,
2237 2450 2466 2516 J'aat’lrit
2493 2453 2685 2505 Cesa-

1613 2557 1622 2570 ·
1653 2548 1760 2581 rum
1793 2531 2182 2597 pontificumque
2212 2549 2230 2581 .·
2269 2533 2384 2582 sola
2415 2537 2472 2582 e!
2503 2534 2685 2584 domos

1654 2611 1869 2658 exorna!
1882 2647 1896 2669 ,
1926 2613 1981 2658 el
1999 2614 2119 2659 ante
2140 2611 2321 2660 Iime'na
2339 2612 2576 2662 excubat.
2604 2611 2686 2665 Ut

1654 2682 1724 2735 ibi
1751 2685 1999 2735 excubate
2013 2722 2030 2744 ‚
2079 2682 2153 2736 sic
2183 2683 2266 2736 hic
2294 2690 2479 2737 custos.

1714 2760 1833 2813 563.
1873 2761 2330 2831 Tuere'exquisitius
2347 2780 2506 2832 quam
2525 2801 2543 2829 ,
2570 2763 2682 2816 ha-

1652 2836 1796 2890 bere.

1720 2911 1834 2967 565.
1877 2917 2093 2969 andels
2137 2919 2362 2970 honores.
2408 2916 2443 2969 J
2447 2937 2535 2971 am
2583 2937 2677 2970 ar-

1651 2992 1792 3046 boris
1821 3004 2066 3047 naturam
2098 3015 2159 3048 ex
2183 2995 2370 3068 mytho
2401 2995 2678 3066 ingeniose

1652 3071 1857 3141 repetit.
1892 3071 2038 3126 Folia
2063 3072 2163 3126 dici
2194 3072 2366 3125 solent
2386 3091 2678 3144 comear-

1651 3150 1887 3215 borum;
1930 3150 2018 3204 sed
2063 3169 2208 3205 nunc
2252 3152 2337 3205 illa
2372 3153 2680 3223 exquisitius

1651 3239 1807 3297 poeta
1824 3228 2227 3283 circumlocutus
2242 3229 2573 3298 est,srond1's
2590 3235 2677 3284 ho-

1649 3324 1820 3369 nores,
1864 3316 1923 3359 ut
1946 3306 2176 3359 Martial.
2208 3307 2286 3360 lx
2303 3346 2319 3372 ,
2364 3307 2542 3377 Epigr.
2567 3309 2630 3360 fn
2655 3347 2670 3374 ,

1650 3403 1712 3436 ex
1736 3382 1787 3436 h.
1814 3383 1846 3436 l.
1874 3401 1886 3436 z
1911 3386 2182 3450 Perpetuos
2197 3403 2396 3452 sperare
2428 3389 2552 3438 lt‘cct
2576 3389 2685 3438 tibi
2797 3433 2804 3442 .

1635 3460 1850 3526 frondis
1869 3462 2094 3516 honam.
2139 3460 2355 3514 Auctor.
2389 3459 2569 3514 Carm.
2602 3460 2677 3515 de

1649 3538 1895 3592 Phoenice
1911 3577 1927 3606 ‚
1955 3558 2087 3592 vers.
2117 3559 2177 3592 ιο
2197 3559 2214 3593 2
2239 3542 2408 3592 Lacus
2421 3547 2676 3608 perpetue

1632 3616 1843 3685 fmndtls
1851 3620 2034 3670 honore
2043 3621 2224 3671 vei-ens.
2237 3617 2675 3688 PraeiveratVirg.

1647 3691 1843 3763 Georg.
1882 3692 1935 3745 ΙΙ
1952 3731 1968 3760 ,
2010 3695 2109 3760 405
2135 3712 2148 3746 :
2173 3696 2409 3762 Fre'ffl'dns
2438 3700 2492 3745 e!
2525 3698 2677 3746 silves

1642 3775 1814 3840 aquilo
1845 3773 2069 3824 decussi!
2113 3775 2356 3825 boantem.

1712 3852 1824 3905 566.
1845 3855 2025 3914 Pena,
2061 3852 2252 3921 Apollo
2273 3869 2301 3904 a
2320 3869 2489 3922 greco
2513 3858 2635 3905 ratu
2653 3892 2670 3921 ,

1645 3928 1677 3982 i.
1693 3950 1739 3983 e.
1754 3935 1989 4007 ,θεραπεύω
2005 3970 2021 3997 ,
2041 3949 2184 3984 sano.
2206 3928 2380 3982 Sebol.
2399 3927 2672 3996 Aristoph.

1644 4009 1707 4062 ad
1722 4011 1860 4064 Plut.
1879 4012 2061 4064 636.—
2070 4009 2203 4063 Scal.
2222 4011 2373 4064 Poet.
2389 4009 2476 4062 lib.
2492 4008 2536 4072 1,
2550 4028 2669 4078 cap.

1644 4102 1852 4141 111112«
1866 4087 2188 4142 Acclamatio
2200 4087 2319 4156 suit,
2336 4093 2374 4141 te
2388 4097 2486 4151 παῖ,
2505 4092 2544 4140 ἵε
2559 4099 2667 4154 παῖ,
