2975 4784
677 261 1689 366 MsTAMORPHosEoN
1735 298 1930 366 LIB.
1982 301 2122 368 1v.

2337 323 2470 392 299

351 473 387 504 >›
430 436 640 535 Quod
676 435 868 512 datus
901 453 1005 509 est
1034 435 1254 510 verbis
1289 433 1371 509 ad
1403 436 1642 511 amicas
1678 437 1993 511 transitus
2023 467 2232 514 aures.
2282 472 2318 505 »

344 554 530 631 Talia
569 552 821 626 diversa
849 552 1289 652 nequicquam
1322 551 1474 627 sede
1509 551 1817 652 loquuti,

345 670 487 744 Sub
520 684 787 743 noctem
823 667 1083 756 dixere,
1118 668 1321 758 Vale;
1361 669 1666 770 partique
1702 667 1938 744 dedere

345 784 597 861 Oscula
632 785 913 885 quisque
948 813 1121 874 suae,
1157 815 1295 860 non
1325 786 1774 887 pervenientia
1812 801 2064 859 contra.
2402 809 2469 861 8ο

441 901 717 974 Postera
750 913 1117 973 nocturnos
1151 903 1417 976 Aurora
1444 919 1809 977 removerat
1836 902 2025 998 ignes
2046 958 2066 991 ,

346 1016 594 1118 Solque
625 1017 977 1116 pruinosas
1008 1018 1211 1092 radiis
1247 1019 1600 1096 siccaverat
1629 1019 1870 1094 berbas
1901 1048 1919 1108 3

342 1133 452 1208 Ad
486 1132 759 1207 solitum
793 1132 1004 1207 coiere
1040 1133 1259 1208 locum
1290 1163 1306 1206 z
1347 1152 1489 1207 tum
1512 1163 1848 1208 murmure
1882 1161 2089 1234 parvo

346 1249 567 1325 Multa
596 1250 785 1351 prius
816 1248 1033 1351 questi
1055 1306 1074 1338 ‚
1115 1267 1420 1326 statuunt
1438 1307 1458 1340 ‚
1487 1268 1566 1326 ut
1596 1267 1792 1325 nocte
1822 1248 2044 1324 silenti

341 1365 589 1440 Fallere
627 1365 966 1455 custodes,
1000 1366 1391 1469 foribusque
1424 1367 1733 1442 excedere
1767 1383 2068 1454 tentent3
2410 1382 2476 1438 85

341 1484 702 1582 Quumque
725 1481 926 1555 domo
944 1482 1243 1571 exierint,
1258 1484 1447 1562 urbis
1470 1513 1739 1587 quoque
1765 1483 2050 1558 claustra
2063 1480 2472 1583 relinquant:

338 1599 523 1671 Neve
558 1598 646 1671 sit
676 1597 1023 1673 errandum
1057 1599 1194 1674 lato
1228 1599 1675 1701 spatiantibus
1709 1629 1866 1675 arvo
1888 1656 1908 1689 ‚

341 1712 761 1788 Conveniam
793 1715 877 1788 ad
913 1715 1115 1790 busta
1148 1716 1340 1804 Nini,
1379 1714 1751 1818 lateantque
1788 1715 1915 1790 sub
1943 1715 2182 1790 umbra

335 1828 627 1903 Arboris
654 1860 670 1903 ε
700 1830 898 1905 arbor
931 1831 1026 1905 ibi
1046 1889 1065 1920 ,
1100 1832 1309 1907 niveis
1340 1832 1678 1908 uberrima
1707 1832 1969 1934 pomis,
2051 1921 2058 1928 ο

338 1943 567 2019 Ardua
601 1975 864 2035 morus,
903 1961 1080 2036 erat,
1115 1949 1339 2045 gelido
1375 1950 1787 2024 contermina
1818 1947 2014 2022 sonti.
2404 1979 2474 2033 90

339 2062 542 2136 Pacta
575 2062 881 2165 placent;
912 2081 981 2138 et
1009 2062 1127 2138 lux
1147 2121 1167 2154 ‚
1198 2065 1380 2158 tarde
1417 2064 1728 2139 decedere
1762 2064 1903 2137 visa

404 2269 482 2338 78.
504 2270 672 2323 Sedes.
696 2268 864 2321 Locus
880 2306 899 2335 ,
934 2267 1024 2321 ubi
1045 2267 1266 2323 stabant.
1285 2295 1354 2311 —·

336 2346 555 2398 Diversa
573 2386 589 2408 ,
629 2345 882 2415 opposita.
913 2373 980 2385 —-
1014 2347 1352 2415 Nequit-quam

336 2425 565 2494 pertinet
576 2423 641 2478 ad
652 2436 836 2479 votum
850 2424 977 2479 illud
992 2465 1009 2493 ,
1033 2437 1095 2479 ut
1108 2426 1258 2480 latius
1272 2444 1356 2496 pa·

335 2504 436 2558 ries
456 2509 896 2583 pateret-swan,
914 2526 1108 2577 nempe
1127 2505 1352 2577 parietis.

395 2582 477 2634 81.
503 2583 716 2635 Postera
739 2589 1005 2636 nocturnos
1025 2584 1228 2637 Aamra
1253 2593 1351 2636 etc.

335 2659 423 2714 Sic
442 2659 578 2713 libro
595 2659 702 2714 Vll
722 2700 737 2727 ,
770 2679 865 2713 ιοο
882 2701 899 2727 ,
916 2663 1129 2715 Postera
1147 2663 1356 2729 depule-

332 2744 419 2791 ra!
434 2741 617 2792 stellas
636 2741 836 2793 Aamra
854 2745 1112 2792 mae'c-anles.
1130 2739 1234 2793 Hic
1253 2736 1352 2791 ele·

335 2818 542 2887 gantior
563 2826 827 2874 nocturnos
841 2825 988 2888 ignes
1000 2860 1015 2882 ‚
1049 2839 1174 2875 nam
1193 2818 1352 2874 stella

333 2907 459 2951 sunt
477 2896 587 2951 cali
608 2898 757 2951 faces.
776 2901 874 2951 Ed.
897 2926 964 2939 —
984 2899 1156 2952 Coaekre
1173 2902 1350 2952 locam.

340 2973 522 3028 Codex
558 2974 753 3045 Regius
784 2976 832 3031 B
859 3015 899 3042 ,,
922 2973 1111 3030 νείκη.
1150 2976 1350 3029 Forsan

335 3050 552 3111 dulcius.
575 3055 676 3108 Ed.
695 3081 764 3093 —
791 3056 1059 3116 Custodes,
1086 3053 1352 3123 janitores.

333 3157 402 3169 —
422 3133 721 3201 Foribusque
735 3134 971 3185 excedere
991 3138 1192 3186 tentent.
1213 3131 1355 3184 Bur·

336 3227 567 3262 mannus
603 3209 751 3264 malit
767 3210 1068 3279 foribusque
1096 3215 1234 3263 exire
1249 3229 1355 3276 pa-

334 3293 518 3348 lem‘s,
560 3289 679 3358 quia
714 3308 851 3343 unus
875 3287 1088 3343 Tbuani
1115 3291 1265 3341 exire.
1285 3314 1354 3327 -

335 3364 516 3420 Nostri
541 3365 692 3437 Regii
713 3366 910 3420 babent
932 3366 1211 3436 vulgatam.

398 3444 480 3498 86.
523 3447 673 3499 Urbe&
694 3451 920 3502 claustra
949 3465 1012 3500 ex
1036 3463 1146 3497 uno
1166 3443 1353 3497 Bono-

334 3521 506 3577 niensi
538 3522 684 3578 dedit
708 3524 1047 3578 Burmannus
1074 3541 1172 3592 pro
1202 3529 1350 3574 tecla.

336 3600 588 3656 Heinsius
605 3602 930 3671 conjecturat
945 3608 1087 3667 septa
1109 3618 1170 3653 ex
1177 3605 1354 3668 porta-

329 3697 439 3730 rum
459 3696 575 3747 sepe
590 3721 604 3742 ,
628 3679 789 3734 Trist.
813 3681 892 3734 lv
914 3717 931 3746 ‚
958 3695 981 3731 1
998 3718 1014 3746 ‚
1040 3681 1120 3732 81.
1150 3675 1353 3731 Etiam-

332 3756 375 3808 si
400 3756 567 3810 nostri
592 3756 745 3827 Regii
774 3757 1002 3812 habeant
1025 3763 1188 3818 tecla,
1221 3773 1353 3808 con-

332 3836 589 3894 sentimus
622 3845 801 3896 tamen
827 3834 1141 3888 But-manno
1166 3854 1181 3897 ;
1227 3852 1350 3886 nam

333 3920 466 3967 lecta
502 3913 569 3966 de
593 3913 868 3979 domibus,
905 3930 1015 3966 non
1039 3911 1105 3965 de
1138 3911 1351 3967 urbibus

334 4010 448 4061 qua
470 3991 661 4047 *clausae
691 4011 801 4045 non
826 4001 975 4045 tecta
1007 4000 1146 4044 sunt.
1187 3990 1350 4060 Quod

331 4068 395 4122 ad
425 4078 599 4140 septa,
636 4071 805 4126 rarius
837 4081 915 4126 est
933 4091 949 4140 ς
970 4081 1024 4125 at
1048 4070 1350 4126 Lucretius:

1449 2276 1642 2322 natare
1681 2272 1941 2342 perlatam
1992 2265 2219 2319 claustra
2260 2273 2315 2316 et
2359 2267 2473 2317 vile

1449 2351 1677 2402 claaslra
1698 2364 1719 2412 ,⁰
1780 2345 2052 2399 Juvenalis
2086 2344 2257 2417 Satyr.
2290 2343 2430 2398 VIII
2451 2382 2469 2412 ,

1451 2430 1955 2492 laxaruntporlarum
1967 2427 2193 2477 claustra
2204 2440 2224 2488 ‚·
2248 2421 2443 2477 Statius
2453 2461 2470 2490 ,

1450 2502 1751 2557 Thebaidos
1765 2502 1816 2555 X
1834 2543 1849 2570 ,
1873 2503 1971 2571 644
1984 2541 1999 2568 ,
2025 2503 2303 2554 Thebarum
2324 2503 2468 2554 claa-

1449 2589 1572 2635 slra.
1595 2581 1740 2634 Infra
1761 2578 1900 2634 VIII
1915 2619 1932 2646 ‚
1959 2598 2047 2650 70,
2064 2587 2323 2649 portarum
2338 2583 2473 2633 clan-

1447 2667 1571 2712 stra.
1615 2657 1714 2712 Ed.
1753 2686 1820 2697 —
1854 2659 2073 2711 Bustum
2087 2698 2103 2721 ‚
2139 2657 2465 2729 sepulcrum,

1450 2750 1869 2793 monumentum
1907 2737 2194 2808 sepulcrale
2221 2776 2238 2806 ,
2290 2741 2472 2806 τύμὸος.

1450 2820 1541 2876 Sic
1576 2823 1775 2874 bustum
1811 2821 2159 2884 Sardanapali
2176 2857 2192 2880 ‚
2245 2818 2469 2879 Catulli,

1450 2899 1675 2954 aliorum
1703 2898 1841 2970 apud
1872 2893 1986 2953 Cic.
2022 2896 2243 2968 Proprie
2275 2898 2472 2950 hastan

1449 2977 1593 3032 locus
1609 3018 1625 3046 ‚
1644 2978 1698 3031 in
1721 2969 1828 3049 qui>
1839 2975 2060 3031 cadaver
2071 2974 2403 3032 combustum
2416 2982 2471 3027 et

1447 3053 1749 3124 sepultum;
1777 3053 1893 3107 vide
1923 3051 2165 3108 Kirchm.
2193 3051 2258 3104 de
2284 3052 2468 3104 Fune-

1445 3132 1593 3186 ribus
1622 3132 1848 3185 Roman.
1869 3131 2094 3197 lib-111,
2121 3149 2230 3201 cap.
2257 3131 2284 3185 1
2302 3170 2318 3198 ‚
2349 3129 2469 3183 init.

1449 3210 1625 3263 Miror
1662 3221 1841 3272 tamen
1880 3228 1911 3262 a
1947 3209 2162 3265 Nostro·
2187 3214 2336 3266 busta
2384 3208 2470 3263 hic
2549 3255 2558 3260 .

1448 3297 1865 3342 commemorata
1878 3326 1893 3353 ,
1914 3306 2079 3356 quum
2095 3287 2280 3346 Rome
2292 3304 2467 3341 mere-

1447 3364 1602 3420 trices
1633 3366 1744 3418 sere
1779 3363 1846 3417 ad
1882 3364 2032 3420 busta
2058 3382 2466 3420 commoraren-

1448 3455 1538 3498 tur
1552 3483 1569 3513 ,
1592 3444 1737 3499 unde
1761 3448 2025 3500 bastaan'ae
2046 3448 2259 3501 mehe.

1516 3525 1597 3598 89.
1629 3526 1888 3578 Uberrima
1911 3525 2057 3580 dedit
2086 3526 2368 3590 Heinsius3
2394 3524 2468 3581 sic

1449 3610 1504 3656 et
1518 3602 1682 3656 nostri
1710 3601 1878 3672 Regii.
1895 3602 2054 3657 Liber
2067 3604 2288 3675 scriptus
2303 3604 2465 3659 Bers-

1448 3681 1634 3734 manni
1659 3719 1675 3749 ‚
1727 3681 1910 3736 tertius
1947 3681 2318 3738 Gronovianus
2342 3721 2358 3751 ,
2408 3693 2465 3737 et

1448 3757 1873 3814 Zulicbemianus
1896 3800 1912 3827 ,
1947 3764 2300 3826 celeberreha5
2340 3772 2461 3816 ter-

1449 3837 1550 3891 tius
1559 3836 1850 3906 Medioem,
1865 3840 2264 3905 crebernimassll
2276 3839 2464 3893 Amor.

1446 3932 1503 3984 V,
1519 3916 1550 3970 3
1563 3956 1579 3985 ,
1596 3920 1938 3972 celeberrimas
1948 3921 2067 3973 fliete
2080 3922 2238 3973 lucas.
2251 3921 2464 3972 —Fons

1443 3993 1530 4050 hic
1551 4007 1878 4050 memoratur
1902 4008 2118 4069 propter
2146 4015 2356 4051 versum
2380 3997 2462 4065 98·

1511 4094 1591 4148 9¹·
1602 4076 1721 4129 Lat
1730 4093 1827 4147 pro
1836 4076 1960 4130 sole.
1973 4104 2040 4117 —·
2049 4077 2320 4131 Dec-edem
2332 4072 2383 4128 N
2386 4088 2462 4125 os·
