2975 4784
1215 354 1247 391 Ω

691 600 816 705 Ρ.
910 504 1427 703 όνΙΒΠ
1498 597 2148 704 NASONIS

421 836 2444 978 METAMORPHOSEON*

914 1149 1300 1236 LIBER
1381 1149 1904 1236 PRIMUS.

348 1551 459 1655 IN
494 1608 662 1655 nova
695 1580 822 1655 sert
855 1579 1116 1655 animus
1149 1597 1436 1655 mutatas
1472 1580 1687 1655 dicere
1724 1579 1972 1655 formas

348 1700 676 1800 Corpora.
715 1698 804 1769 Di
838 1697 1074 1797 coeptis
1095 1752 1115 1784 ,
1158 1725 1315 1771 nam
1347 1725 1466 1770 vos
1498 1697 1806 1770 mutastis
1841 1713 1909 1770 et
1934 1694 2121 1784 illas,

406 1894 435 1921 *
456 1893 944 1960 Helamorphoseon,
966 1909 1077 1961 non
1096 1892 1365 1945 Mlamor·

335 1972 551 2036 phoscus
567 1969 880 2036 inscriptum
904 1987 1012 2023 esse
1036 1967 1137 2022 hoc
1152 1986 1283 2038 opus
1299 1969 1363 2022 ab

347 2048 578 2101 Auctore
597 2086 612 2112 ,
630 2045 795 2099 MSS.
809 2044 1135 2116 optimorum
1153 2084 1169 2113 ,
1192 2056 1365 2099 aucto·

347 2144 471 2177 rum
488 2125 592 2178 hoc
612 2143 824 2177 carmen
850 2123 1180 2177 laudantium
1194 2163 1209 2191 ,
1235 2124 1364 2178 Pla-

351 2201 509 2254 nudis
525 2202 580 2254 in
596 2201 904 2271 metaphrasi
923 2220 1089 2272 graeca
1104 2240 1119 2268 ,
1141 2212 1195 2254 et
1211 2199 1366 2254 Gra-

346 2298 536 2333 corum
560 2318 576 2345 ,
638 2278 701 2331 ad
742 2298 965 2348 quorum
1010 2277 1364 2332 imitationem

343 2357 543 2412 Noster
566 2356 677 2410 hec
697 2356 929 2427 scripsit,
956 2357 1209 2411 evincunt
1228 2375 1364 2409 auc-

337 2436 608 2502 toritates,
636 2454 763 2505 quas
784 2434 904 2489 vide
930 2455 1012 2504 ap.
1038 2435 1225 2488 Heins-
1251 2433 1365 2487 Ne-

335 2534 436 2584 que
448 2534 572 2569 usus
586 2515 778 2584 lingua
792 2515 1052 2586 permittit
1068 2554 1083 2582 ,
1105 2525 1184 2568 tot
1200 2525 1364 2568 trans-

332 2593 719 2647 formationum
737 2611 930 2663 corpus
945 2594 1363 2661 metamorphosin

332 2691 535 2726 vocare.

400 2771 441 2803 ι.
466 2752 531 2801 In
552 2747 806 2816 mascel
822 2752 1023 2802 antinus
1040 2758 1142 2801 etc.
1166 2747 1360 2805 Primis

334 2838 562 2897 quatuor
583 2826 820 2880 versibus
850 2826 1157 2880 continetur
1178 2835 1233 2879 et
1263 2838 1366 2878 ar⁴

334 2906 574 2975 gumenti
599 2905 851 2976 expositio
868 2945 882 2971 ,
909 2914 994 2971 et,
1023 2916 1082 2958 ut
1101 2904 1157 2958 in
1183 2903 1360 2958 didac-

333 2984 435 3037 tico
468 2983 709 3038 carmine
736 3022 752 3051 ,
798 2982 1061 3035 invocatio
1097 2981 1358 3037 Deorum.

333 3060 598 3116 Brevitate
618 3102 633 3128 ‚
650 3060 979 3131 simplicitate
994 3100 1008 3127 ‚
1025 3060 1282 3114 modestia
1302 3081 1358 3115 se

335 3139 677 3193 commendat
687 3139 788 3193 hoc
797 3158 941 3193 carm
948 3158 1031 3192 en.
1041 3167 1108 3179 —
1117 3141 1239 3192 fier!
1244 3143 1361 3191 σπι·-

332 3237 470 3279 ms,
498 3218 663 3271 intell.
685 3237 795 3281 une,
822 3215 1042 3287 impellit
1063 3236 1181 3280 me3
1213 3215 1356 3286 quod

331 3305 411 3348 est
423 3294 747 3365 simpliciter,
759 3294 900 3361 volo,
913 3293 1082 3363 cupio.
1101 3292 1189 3346 Sic
1197 3292 1357 3346 etiam

326 3374 467 3427 infra
489 3393 622 3426 vers.
650 3376 780 3445 775;
807 3382 862 3426 et
889 3372 952 3424 Α.
979 3372 1073 3437 A„
1096 3371 1183 3425 ΠΙ
1202 3409 1217 3437 ,
1245 3372 1357 3441 467.

326 3451 575 3504 Aliorum
590 3460 870 3521 poetarum
888 3450 999 3503 loca
1008 3447 1215 3519 collegit
1226 3447 1358 3501 Dra·

325 3528 481 3583 kenb.
499 3527 567 3581 ad
593 3526 815 3594 Silium,
844 3527 1039 3587 XVII,
1068 3530 1181 3600 294.
1207 3554 1275 3567 —·
1296 3528 1359 3580 In

324 3627 453 3660 nova
465 3607 904 3676 mulalasfimnas
918 3626 1126 3674 corpora
1145 3626 1241 3677 per
1255 3604 1358 3679 hy·-

326 3682 567 3753 pallagen
584 3682 785 3737 dictum
804 3684 991 3737 volunt
1003 3724 1019 3752 ,
1037 3702 1133 3753 pro
1151 3702 1359 3751 corpora

322 3766 383 3812 ia
424 3779 583 3813 mas
613 3760 821 3829 formas
857 3769 1055 3814 mulcta
1073 3802 1086 3823 ‚
1136 3772 1196 3814 ut
1229 3760 1357 3813 dixit

321 3839 541 3905 Noster,
560 3839 633 3907 11,
650 3841 812 3895 Trist.
832 3841 945 3895 555.
968 3840 1074 3894 Sed
1092 3860 1203 3894 non
1224 3858 1355 3909 opus

321 3928 428 3985 est,
458 3927 519 3971 ut
542 3917 609 3971 ad
639 3918 951 3993 hypallagen
972 3920 1353 3991 confugiamus.

317 3997 514 4049 firme
528 4016 679 4051 nnnc
697 4007 823 4051 sunt
844 4016 1067 4068 corpora
1087 3998 1194 4068 ipsa
1209 4039 1223 4062 ,
1248 4017 1352 4069 qua

313 4075 550 4128 formam
574 4073 797 4142 habent,
813 4084 873 4128 ut
888 4076 1047 4144 infra,
1071 4095 1203 4129 vers.
1224 4076 1354 4142 4363

320 4158 401 4218 et,
429 4151 557 4221 XV,
594 4172 688 4222 ¹7²
707 4192 724 4223 ,
748 4160 940 4222 spent-s
961 4159 1215 4226 etfigurae.
1240 4155 1357 4209 No-

1459 1891 1557 1945 luit
1579 1890 1752 1946 dicere
1771 1932 1787 1959 ,
1830 1910 2050 1962 corpora
2082 1890 2249 1962 prisca
2279 1902 2483 1949 mutata

1458 1991 1568 2025 esse
1593 1971 1650 2023 in
1674 1989 1812 2024 nova
1832 2009 1847 2037 ,
1885 1982 1975 2025 aut
1997 1972 2225 2024 sormam
2248 1972 2482 2041 priorem

1459 2047 1515 2100 in
1536 2047 1688 2100 aliam
1708 2087 1723 2112 ,
1742 2047 1835 2101 sed
1851 2047 2022 2115 posuit
2035 2048 2193 2100 verba
2208 2046 2316 2100 duo
2333 2086 2348 2111 ,
2366 2065 2486 2115 quo

1459 2122 1652 2176 eodem
1684 2123 1928 2176 redeunt.
1962 2123 2034 2176 Et
2066 2122 2253 2176 maluit
2288 2125 2485 2176 formas

1456 2204 1513 2253 in
1535 2220 1744 2268 corpora
1767 2206 1991 2253 mutatas
2007 2240 2021 2263 ,
2050 2218 2207 2268 quam
2229 2200 2452 2252 alterum
2469 2239 2484 2267 ,

1458 2277 1654 2347 partim
1680 2276 1801 2346 quia
1826 2275 1955 2329 illud
1979 2276 2279 2345 exquisitius
2298 2286 2353 2330 et
2367 2296 2486 2330 ma-

1461 2352 1536 2423 gis
1562 2352 1830 2422 poeticum
1851 2391 1867 2420 ‚
1894 2353 2089 2422 partim
2113 2353 2237 2423 quia
2261 2354 2486 2407 mutatio

1457 2432 1630 2485 sorma
1649 2432 1980 2501 potissimum
1996 2431 2056 2484 fit
2072 2431 2365 2502 conspicua.
2386 2433 2410 2487 1
2417 2443 2488 2485 ta-

1458 2528 1562 2580 que
1589 2520 1642 2563 et
1662 2509 1779 2563 alibi
1803 2519 2101 2577 memorat,
2131 2509 2377 2564 cecinisse
2394 2530 2448 2564 se
2469 2551 2484 2576 ,

1456 2586 1918 2655 mutatassomas,
1945 2597 2004 2641 ut
2021 2589 2047 2642 1
2059 2626 2077 2655 ‚
2103 2587 2264 2642 Trist.
2280 2604 2300 2639 1
2317 2626 2332 2654 ,
2362 2608 2380 2639 1
2395 2609 2449 2657 ¹7
2465 2628 2483 2655 ‚

1378 2726 1381 2731 ¹
1457 2677 1511 2720 et
1534 2683 1616 2719 vn
1637 2706 1653 2734 ,
1687 2665 1762 2719 13.
1787 2666 1973 2735 Neque
1990 2666 2126 2721 male
2148 2665 2221 2719 sic
2235 2664 2484 2719 Graecum

1454 2748 1833 2822 μεταμορφώσεις
1844 2743 1989 2813 quasi
2006 2743 2485 2813 interpretatusest.

1455 2823 1629 2877 Nimis
1642 2833 1861 2892 anguste
1871 2823 2058 2876 Burm.
2074 2841 2235 2892 quem
2247 2822 2485 2892 sequitur

1456 2902 1791 2958 Schirachius
1811 2942 1826 2970 ,
1852 2902 1918 2955 de
1936 2902 2059 2956 solis
2077 2901 2380 2957 hominibus
2394 2922 2485 2957 ac—

1454 2980 1581 3050 cipit
1595 3003 1609 3045 ς
1631 2981 1815 3036 insunt
1827 2981 1974 3036 enim
1992 2990 2046 3035 et
2063 2980 2283 3035 aliarum
2297 3000 2481 3036 rerum

1456 3059 1929 3131 metamorphoses.
1946 3060 1989 3113 Ii
2008 3079 2135 3116 vero
2149 3070 2482 3132 argutantur,

1446 3140 1548 3210 *qui
1564 3151 1778 3210 poetam
1795 3139 2036 3194 consulto
2050 3160 2267 3195 carmen
2287 3139 2353 3194 de
2370 3158 2487 3194 cor-

1457 3237 1652 3288 porum
1670 3219 2135 3273 transformatione
2154 3217 2482 3272 averborum

1455 3296 1847 3368 permutatione
1868 3315 2110 3352 exorsum
2131 3316 2241 3351 esse
2264 3305 2480 3351 conten·

1448 3372 1609 3445 dun&

1523 3470 1568 3502 2.
1605 3452 1690 3505 Di
1713 3458 1893 3519 caplis·
1925 3462 2021 3506 etc.
2066 3449 2294 3506 Causam
2326 3449 2480 3504 affert

1455 3528 1726 3598 propriam
1744 3568 1759 3596 ,
1787 3549 1949 3599 quare
1973 3529 2068 3584 sibi
2090 3549 2202 3583 non
2228 3548 2402 3583 unum
2427 3539 2482 3581 et

1453 3606 1682 3661 alterum
1707 3606 1888 3661 Deum
1910 3646 1926 3673 ,
1970 3626 2082 3661 non
2119 3607 2334 3662 Musam
2373 3606 2481 3660 ali-

1455 3703 1618 3755 quam
1640 3723 1655 3752 ‚
1682 3683 1776 3737 scd
1799 3685 2023 3737 omnino
2047 3683 2192 3738 Deos
2214 3683 2482 3756 adspirare

1452 3763 1609 3827 velit;
1647 3774 1887 3817 auctores
1911 3763 2057 3816 enim
2083 3782 2267 3817 rerum
2293 3763 2481 3818 dicen-

1452 3838 1644 3894 darum
1666 3842 1918 3895 suerunt:
1941 3862 2060 3895 nam
2085 3861 2179 3895 vos
2202 3851 2300 3895 etc.
2328 3837 2480 3892 Diffi-

1451 3921 1616 3976 cultas
1637 3940 1797 3992 quam
1812 3933 1992 3975 movet
2009 3921 2190 3975 multis
2204 3923 2255 3975 τὶ
2275 3926 2330 3970 et
2344 3958 2358 3980 ‚
2389 3917 2479 3969 sa·-

1450 3999 1535 4054 cili
1552 4040 1568 4066 ,
1584 3999 1777 4069 opinor
1792 4038 1808 4066 ,
1826 3998 2026 4053 tollitur
2038 3996 2253 4068 negotio
2267 4034 2282 4062 ,
2304 3994 2346 4047 si
2364 4011 2481 4046 sen-

1450 4079 1677 4131 tentiam
1699 4078 1754 4130 in
1779 4076 1922 4129 hunc
1937 4075 2162 4129 modum
2185 4070 2475 4140 concipias:

1451 4155 1556 4222 Di,
1573 4166 1808 4209 vestrum
1825 4161 1903 4207 cst
1920 4172 2006 4207 me
2026 4151 2296 4219 adiuvare,
2319 4166 2482 4218 quan-
