2975 4784
515 349 591 434 14
1270 346 1845 415 PRAEFATm

499 488 629 562 tori
661 505 991 574 crearent,
1038 486 1481 588 pugnantium
1531 487 1812 588 patriam
1833 541 1853 572 ,
1901 484 2209 558 habitum
2232 539 2251 572 ,
2292 501 2577 560 conatus
2607 542 2626 575 ,

502 618 799 708 vulnera,
835 635 1083 694 mortes
1125 619 1404 694 maxima
1450 619 1761 693 varietate
1812 616 2325 719 descripserunt.
2386 619 2634 692 Noster

504 752 732 849 igitur,
759 780 965 853 quum
993 752 1274 826 Perseus
1301 769 1368 825 et
1390 750 1692 825 Theseus
1719 749 1805 824 ab
1828 778 1908 823 eo
1935 748 2353 851 producendi
2380 767 2632 837 essent,

510 913 796 987 quorum
819 884 1029 958 virtus
1049 884 1247 958 etiam
1270 884 1343 957 in
1367 881 1614 986 praeliis
1645 882 2001 970 enituerat,
2027 910 2148 963 nec
2168 882 2306 957 haec
2325 881 2410 956 ab
2434 909 2635 983 opere

508 1045 635 1090 suo
657 1017 723 1088 V
743 1034 811 1090 et
829 1017 964 1090 XII
988 1015 1219 1090 abesse
1242 1013 1478 1103 voluit,
1503 1043 1742 1116 easque
1760 1014 2240 1117 descriptiones
2262 1043 2406 1088 non
2428 1014 2634 1088 modo

505 1148 577 1220 in
605 1147 914 1220 universa
941 1144 1383 1220 delineatione
1402 1199 1421 1232 ,
1456 1145 1572 1217 sed
1603 1147 1798 1218 etiam
1826 1147 1897 1221 in
1929 1147 2329 1248 quibusdam
2346 1145 2640 1221 bellato-

504 1281 693 1355 ribus
724 1278 1041 1353 notandis
1062 1277 1148 1350 ad
1172 1275 1467 1379 exempla
1496 1274 1610 1349 illa
1633 1277 2049 1378 composuit;
2083 1279 2507 1380 eamdemque
2531 1307 2641 1352 ra-

508 1412 760 1485 tionem
794 1411 991 1484 etiam
1023 1410 1094 1483 in
1126 1409 1271 1511 apri
1307 1407 1656 1510 Calydonii
1686 1407 2035 1481 venatione
2063 1424 2329 1482 secutus
2356 1427 2475 1484 est.
2506 1410 2642 1484 Ce-

514 1545 900 1620 lebrabatur
925 1544 1223 1618 omnium
1259 1570 1562 1618 sermone
1598 1539 1905 1616 sublimis
1942 1539 2053 1614 ille
2094 1542 2374 1616 Homeri
2417 1541 2635 1631 locus,

511 1708 647 1780 quo
673 1678 941 1778 Jupiter
957 1702 1281 1761 concusso
1311 1675 1526 1775 capite
1547 1672 1913 1776 Olympum
1935 1691 2193 1749 movet:
2215 1673 2409 1749 talem
2436 1675 2643 1771 igitur

511 1814 748 1884 Jovem
786 1827 854 1884 et
897 1809 1043 1910 ipse
1077 1804 1362 1881 induxit.
1406 1806 1625 1880 Pestis
1659 1805 2173 1908 descriptioneS,
2221 1834 2416 1906 quas,
2452 1806 2642 1880 Thu-

515 1938 747 2044 cydide
777 1957 1110 2043 praeeunte
1133 1995 1152 2028 ,
1189 1938 1541 2014 Lucretius
1566 1955 1766 2039 atque
1788 1936 2113 2034 Virgilius
2144 1937 2457 2012 dederant
2474 1995 2493 2027 ,
2524 1968 2645 2014 cu-

517 2073 673 2175 pide
721 2072 807 2147 ab
841 2071 1155 2146 omnibus
1185 2070 1616 2166 legebantur;
1651 2068 1851 2145 simili
1880 2070 2090 2167 igitur
2115 2069 2302 2158 loco,
2338 2088 2644 2146 auctores

514 2204 672 2279 illos
707 2203 1066 2299 effingens,
1113 2230 1310 2276 suum
1356 2203 1626 2304 quoque
1679 2230 1852 2304 opus
1889 2202 2165 2276 ornavit.
2227 2203 2462 2303 Neque
2492 2202 2644 2277 inde

516 2335 1002 2438 Polyphemum
1048 2333 1279 2408 abesse
1323 2332 1569 2422 voluit,
1607 2332 1693 2407 ab
1729 2334 2023 2408 Homero
2066 2351 2133 2407 et
2160 2332 2446 2430 Virgilio
2481 2332 2647 2408 locis

518 2454 898 2563 insignibus
922 2480 1247 2539 notatum.
1277 2464 1600 2540 Similiter
1627 2466 1699 2538 in
1729 2466 2005 2562 magicis
2028 2466 2230 2541 rebus
2265 2465 2646 2542 enarrandis

521 2599 873 2674 Horatium
896 2655 915 2686 ,
941 2596 1331 2692 Virgilium,
1366 2616 1433 2671 et
1455 2596 1836 2686 Tibullum,
1870 2598 1940 2672 in
1965 2600 2164 2674 variis
2190 2600 2497 2674 aetatibus
2519 2598 2647 2672 hos

522 2732 694 2807 duos
720 2750 1126 2833 postremoS,
1156 2747 1225 2804 et
1248 2729 1621 2803 Hesiodum
1649 2730 1963 2831 respexit.
1996 2732 2107 2805 Ad
2128 2731 2394 2828 Virgilii
2418 2750 2650 2806 aucto-

525 2864 787 2938 ritatem
821 2864 1017 2937 etiam
1062 2860 1321 2962 Orphei
1353 2889 1433 2934 ex
1467 2861 1797 2963 Eurydice
1828 2862 2081 2937 luctum
2101 2920 2120 2952 ,
2165 2864 2456 2937 Junonis
2491 2863 2656 2937 soli-

526 2989 756 3093 loquia
775 3047 794 3079 ,
843 3010 911 3066 et
942 2992 1328 3066 descensum
1362 3008 1496 3064 tam
1527 2993 1612 3065 ad
1640 2994 1824 3066 Deos
1846 2994 2170 3083 marinos,
2208 3022 2406 3095 quam
2437 2992 2520 3067 ad
2547 2993 2652 3066 in·

524 3121 726 3209 feros,
758 3122 1119 3198 inferorum
1135 3125 1437 3226 ipsorum
1462 3121 1989 3213 delineationem,
2013 3127 2304 3199 Dearum
2332 3124 2653 3200 transfor-

526 3252 886 3341 mationes,
914 3256 1162 3355 quibus
1183 3254 1456 3331 fallendi
1482 3283 1675 3330 eausa
1696 3253 1936 3329 anilem
1951 3254 2228 3331 formam
2255 3272 2652 3344 sumserant,

528 3385 885 3461 fulminum
913 3388 1101 3460 Jovis
1136 3389 1725 3491 compositionem,
1757 3387 1938 3461 canis
1982 3388 2264 3463 venatici
2317 3388 2388 3462 in
2430 3388 2659 3491 lepore

530 3516 994 3623 persequendo
1018 3520 1461 3612 velocitatem,
1498 3522 1743 3597 multas
1767 3520 2238 3598 similitudines
2263 3524 2660 3599 sententias-

527 3681 658 3754 que
697 3654 1092 3755 composuit.
1132 3656 1212 3726 In
1245 3652 1496 3726 diluvio
1522 3652 1973 3729 Deucalioneo
2003 3652 2209 3730 lineas
2237 3657 2555 3757 quasdam
2579 3685 2663 3730 ex

533 3788 822 3863 Horatio
848 3788 1039 3862 duxit
1056 3843 1075 3876 ,
1099 3786 1534 3887 eumdemque
1560 3786 1845 3877 effinxit,
1875 3817 2081 3890 quum
2105 3789 2238 3864 vim
2268 3807 2502 3864 cantus
2529 3791 2669 3864 01·-

533 3918 720 4020 pbici
750 3918 932 4022 apud
962 3917 1212 3993 inferos
1245 3915 1535 3993 referret.
1574 3920 1750 3994 Sunt
1778 3939 1847 3996 et
1870 3921 1998 3995 alia
2030 3920 2207 4008 loca,
2242 3921 2315 3995 iu
2353 3920 2602 4022 quibus
2628 3950 2670 3994 a

535 4052 848 4128 Lucretio
894 4067 1093 4152 atque
1135 4047 1414 4123 Tibullo
1458 4051 1801 4151 pependit.
1856 4055 1937 4125 ln
1987 4053 2273 4126 carmine
2312 4052 2669 4152 pastoritio
