2975 4784
772 423 1455 492 METAMORPH
1477 423 1815 493 OSEON
1860 427 2055 495 LIB.
2110 428 2219 494 II.

2441 429 2561 499 163

428 563 792 638 Flumineae
822 562 1128 639 volucres
1161 563 1383 640 medio
1419 565 1674 641 caluere
1710 568 2010 668 Caystro.

429 677 626 754 Nilus
660 680 734 752 in
763 694 1132 753 extremum
1165 680 1339 776 sugit
1373 682 1765 781 perterritus
1793 682 2023 756 orbem
2043 735 2063 769 ‚

434 797 882 899 occuluitque
916 815 1155 899 caput,
1192 798 1373 899 quod
1408 798 1627 873 adhuc
1663 797 1825 874 latet
1854 828 1870 873 ε
1906 799 2074 873 ostia
2103 817 2355 900 septem
2464 823 2565 874 255

432 919 902 997 Pulvernlenta
936 938 1199 1009 vacant,
1235 937 1487 1021 septem
1525 921 1668 996 sine
1699 921 1970 996 flumine
2005 919 2224 998 valles.

433 1046 600 1119 Fors
634 1044 862 1119 eadem
895 1043 1207 1117 Ismarios
1244 1045 1552 1118 Hebrum
1586 1073 1736 1119 cum
1774 1045 2123 1147 Strymone
2149 1046 2378 1136 siccat,

435 1168 933 1270 Hesperiosque
950 1195 1194 1257 amnes,
1214 1155 1551 1258 Rhenum,
1574 1168 2131 1270 Rhodanumque,
2155 1170 2563 1273 Padumque,

423 1394 540 1441 pas.
572 1372 783 1429 Gallim.
809 1372 860 1427 h.
884 1373 1005 1428 Del.
1031 1377 1131 1427 250
1148 1413 1165 1441 ‚
1194 1374 1351 1448 cygni
1374 1374 1451 1428 di·

431 1463 628 1506 cuntur
681 1453 953 1505 Haeoninm
1001 1454 1266 1506 Pactolum
1316 1452 1453 1505 reli-

433 1528 619 1598 quisse.
646 1529 869 1581 neena
892 1528 1037 1581 enim
1070 1548 1192 1598 pars
1213 1529 1455 1599 superior

432 1606 616 1680 Lydia
634 1606 690 1660 in
715 1625 817 1676 qua
840 1606 1063 1660 Tmolus
1085 1617 1140 1661 et
1160 1608 1278 1662 sons
1297 1606 1455 1679 Cays-

434 1686 506 1739 tri
530 1704 546 1737 2
567 1684 688 1739 vide
718 1685 1009 1755 spanhem.
1047 1685 1112 1739 ad
1145 1685 1451 1742 callimach.

434 1761 580 1816 dicto
612 1761 743 1816 loco.
769 1790 837 1803 -
876 1764 1135 1826 Carmine,
1164 1774 1322 1817 cantu
1341 1802 1358 1831 ,
1395 1774 1456 1817 ut

432 1842 517 1908 X,
539 1841 671 1907 453:
694 1842 758 1895 cs.
778 1842 850 1908 V,
881 1842 980 1898 386
996 1863 1036 1897 s.
1060 1845 1320 1897 Celebrate
1338 1862 1453 1897 cat·

429 1924 596 1981 nube,
644 1919 946 1988 frequentes
977 1927 1161 1973 cantus
1194 1937 1453 1974 exercere.

437 1995 646 2051 Cantus
677 2015 807 2050 vero
831 2015 1119 2071 cycnorum
1142 1998 1296 2069 longe
1321 2018 1455 2052 sua-

430 2076 672 2129 vissimus
687 2074 995 2145 perhibetur
1008 2114 1025 2141 ,
1054 2076 1198 2129 unde
1219 2076 1331 2131 hec
1350 2076 1456 2131 avis

439 2153 669 2223 Apollini
691 2171 837 2207 sacra
857 2165 911 2207 et
934 2160 1136 2225 μιλῳδὲς
1157 2153 1308 2208 dicta.
1334 2154 1457 2207 Du-

438 2231 673 2286 bita-unt
712 2243 889 2286 tamen
919 2233 1030 2301 iam
1060 2232 1203 2286 inter
1234 2233 1456 2287 Veteres

436 2312 713 2380 nonnulli,
733 2334 777 2368 v.
793 2334 835 2367 c.
862 2313 1057 2368 AElian.
1078 2314 1206 2368 Var.
1230 2312 1368 2367 Hist.
1393 2333 1413 2365 ι
1437 2354 1453 2382 ,

442 2395 502 2458 14
516 2429 533 2457 ,
555 2410 621 2444 an
641 2392 787 2465 cycni
802 2402 1021 2446 cantum
1037 2390 1226 2455 eduum
1242 2390 1335 2445 sed
1350 2390 1455 2446 vid.

420 2469 649 2524 “Emeeti
687 2469 751 2524 ad
785 2467 1173 2524 Callimachum
1195 2508 1212 2535 ,
1250 2467 1455 2541 hymno

429 2548 602 2618 Apoll.
632 2553 663 2602 5
682 2587 697 2615 ,
728 2545 820 2601 ubi
847 2547 1124 2601 vidalinus
1148 2557 1328 2599 narrat
1346 2586 1362 2614 ,
1402 2567 1457 2601 se

425 2629 482 2681 in
502 2627 735 2682 lslandia
752 2645 865 2680 non
885 2646 1009 2680 raro
1029 2635 1246 2681 cantum
1264 2643 1458 2700 cycno-

422 2726 547 2761 rum
560 2707 723 2776 longe
738 2707 1101 2761 suavissimum
1115 2725 1322 2761 summa
1333 2725 1457 2761 cnm

422 2784 695 2854 voluptate
713 2781 969 2838 audivisse
993 2805 1007 2847 ς
1030 2783 1159 2837 illud
1181 2782 1347 2838 modo
1361 2802 1456 2837 ne·

425 2875 510 2934 gat
530 2906 545 2928 ‚
574 2881 671 2918 eos
694 2863 856 2916 morti
882 2863 1080 2917 vicinos
1101 2881 1308 2918 canere.

490 2943 604 2997 253.
647 2944 918 2995 numme
951 2946 1192 2996 volucres.
1244 2941 1454 3015 Cycni,

426 3020 519 3089 qui
531 3021 841 3089 frequentes
854 3018 909 3072 in
926 3028 1040 3073 toto
1056 3019 1145 3073 illo
1161 3019 1300 3073 Asia
1319 3030 1460 3073 trac-

428 3109 491 3150 tu
507 3097 828 3152 commorari
844 3096 1109 3151 soleBant:
1126 3097 1292 3151 Hom.
1318 3097 1379 3152 n.
1399 3106 1454 3165 B,

430 3174 559 3240 4503
576 3174 725 3245 virg.
742 3172 937 3244 Geor-g.
955 3173 996 3236 1,
1016 3173 1113 3227 383
1126 3192 1237 3243 sqq.
1257 3195 1271 3239 ;
1288 3173 1455 3229 Dion.

434 3251 582 3305 Alex.
595 3251 707 3306 83³.
727 3251 861 3307 [nde
878 3257 1033 3310 κὺκνκ
1046 3260 1264 3321 Καῦςρου
1281 3290 1298 3319 ,
1317 3250 1458 3321 apud

432 3330 754 3382 Anacreont.
785 3327 931 3401 hym.
967 3325 1140 3396 Apoll.
1167 3329 1214 3380 8.
1254 3327 1458 3382 Amant

428 3416 611 3460 autem
637 3408 789 3479 cycni
802 3410 1041 3474 fiumina.
1077 3405 1215 3459 Vide
1245 3407 1358 3480 379.
1391 3433 1460 3447 --

431 3487 661 3556 Cayster,
685 3504 716 3537 e
737 3483 1133 3553 Cilbianisjugis
1143 3484 1456 3550 oritur-‚non

426 3563 615 3633 procul
636 3583 667 3617 a
687 3564 883 3618 Tmolo
902 3576 1085 3618 monte
1103 3604 1118 3632 ,
1146 3564 1371 3638 Lydiam
1393 3565 1460 3618 ir·

424 3644 563 3714 rigat
578 3683 594 3711 ,
617 3654 735 3697 tum
751 3642 1028 3715 Ephesum
1044 3643 1191 3698 alluit
1204 3683 1220 3711 ,
1238 3644 1457 3698 tandem

422 3721 481 3775 in
506 3741 657 3776 mare
697 3722 1015 3777 infunditur.
1048 3721 1241 3777 Strabo
1278 3722 1453 3791 xm,

427 3821 479 3871 p.
503 3801 618 3856 626.
647 3802 784 3856 Plin.
812 3801 952 3857 Hist.
978 3803 1100 3857 Nat.
1128 3802 1177 3852 V
1196 3840 1212 3868 ,
1239 3821 1319 3873 ²9·

492 3884 606 3948 254.
632 3884 788 3936 Nilus
807 3887 865 3935 1⁵ae
884 3889 1158 3935 extrenum
1160 3922 1255 3936 ......
1275 3885 1454 3936 orbem.

423 3959 695 4015 Brouckh.
715 3960 781 4014 ad
796 3961 1112 4031 Proper-&11
1128 4000 1144 4028 ‚
1162 3953 1425 4030 Eleg.x111
1436 4000 1453 4028 ‚

423 4042 490 4106 4ο
505 4080 522 4106 ,
552 4050 743 4095 monet
763 4080 780 4107 ,
817 4040 1042 4096 Veteres
1064 4058 1163 4111 per
1187 4046 1458 4092 extremum

421 4120 589 4171 orbem
610 4117 923 4172 intellexisse
941 4117 1235 4191 AEgyptum
1255 4155 1271 4181 ‚
1296 4133 1456 4186 quam

425 4194 483 4246 in
508 4213 631 4253 rem
647 4193 828 4250 laudat
848 4193 1009 4250 etiam
1027 4194 1174 4249 hunc
1195 4193 1290 4249 loc.
1312 4193 1455 4249 Male

1551 1385 1854 1445 utrumque.
1871 1375 2090 1430 Etenim
2105 1394 2293 1430 omnes
2303 1388 2468 1432 terras
2480 1389 2570 1433 aut

1549 1454 1922 1507 remotissimas
1938 1494 1954 1521 ,
1983 1465 2073 1507 aut
2099 1453 2322 1508 Oceano
2344 1467 2567 1508 conter-

1550 1532 1720 1587 minas
1736 1572 1751 1600 ,
1783 1533 2014 1586 Romani
2043 1541 2316 1586 extrenum
2337 1545 2427 1587 ant
2450 1540 2578 1588 ulli-

1550 1615 1861 1666 morbae
1878 1612 2124 1666 dixerunt
2142 1651 2157 1677 ‚
2184 1631 2231 1667 ν.
2256 1633 2299 1666 c.
2329 1612 2535 1667 Indiam
2555 1653 2572 1681 ,

1554 1691 1739 1745 Amor.
1792 1692 1881 1758 11,
1931 1709 1990 1745 vl
2008 1732 2023 1756 ,
2061 1692 2127 1745 38
2152 1713 2166 1756 ς
2222 1692 2456 1745 Pontum
2486 1733 2501 1761 ,
2546 1695 2571 1747 1

1552 1768 1710 1823 Trist.
1740 1784 1792 1835 1,
1828 1769 2108 1840 127;111,
2142 1785 2198 1834 1,
2238 1772 2337 1833 503
2371 1771 2568 1840 Hispa·

1550 1846 1695 1899 niam
1719 1886 1734 1912 ,
1755 1845 1951 1900 Lucan.
1970 1846 2080 1901 Vll
2096 1887 2112 1913 ‚
2134 1849 2241 1914 541.
2266 1847 2453 1917 Neque
2472 1847 2573 1905 hoc

1551 1924 1662 1994 ipso
1686 1924 1801 1978 loco
1819 1923 2075 1996 AEgyptus
2103 1924 2444 1994 intelligenda
2464 1937 2569 1994 est,

1551 2001 1642 2055 sed
1667 2000 1935 2073 AEtbiopia
1955 2043 1967 2064 ‚
2009 2001 2151 2055 unde
2186 2003 2242 2055 in
2278 2003 2571 2075 AEgyptum

1551 2083 1708 2134 Ne‘lns
1717 2080 1951 2151 profluit.
1964 2080 2376 2152 EtiamAEschyl.
2390 2083 2572 2136 Prom.

1551 2158 1651 2210 813
1666 2198 1681 2226 ,
1705 2157 2033 2226 Ethiopian)
2053 2166 2203 2210 vocat
2216 2161 2427 2233 τηλθυρὸν
2454 2172 2539 2227 γίν
2558 2200 2573 2226 ,
2663 2183 2676 2196 ·

1553 2235 1642 2289 ubi
1660 2254 1706 2288 v.
1725 2236 1952 2288 wudz.
1977 2233 2086 2288 Sed
2106 2233 2390 2287 Veteribus
2408 2235 2576 2305 ignoti

1551 2322 1709 2366 erant
1720 2313 1891 2365 sontes
1912 2307 2018 2365 Nili
2033 2332 2047 2375 ς
2062 2309 2207 2364 unde
2221 2350 2235 2378 ,
2253 2314 2476 2365 occuluit
2488 2331 2576 2366 ca·

1544 2397 1663 2460 pul,
1688 2391 2004 2460 qnodadhuc
2019 2392 2179 2452 lale&
2202 2388 2391 2457 quibus
2402 2391 2574 2444 verbis

1553 2467 1802 2537 expressit
1833 2464 2027 2519 Tibull.
2065 2466 2128 2533 1,
2167 2477 2251 2517 vu
2271 2502 2286 2530 ,
2328 2466 2391 2518 23
2418 2485 2432 2519 :
2461 2470 2577 2520 Nile

1545 2553 1719 2614 paler,
1747 2565 1963 2616 quanam
1977 2565 2186 2615 possum
2209 2554 2260 2599 le
2278 2549 2446 2599 dicere
2462 2566 2575 2600 cau·

1552 2645 1617 2679 sa
1629 2667 1643 2690 ,
1675 2628 1786 2680 Aa!
1804 2631 1983 2694 quibus
2004 2631 2060 2679 in
2083 2631 2230 2679 lem's
2250 2664 2265 2692 ,
2297 2629 2579 2681 occalutlese

1552 2709 1755 2773 caput?
1790 2704 2020 2757 Fontem
2056 2703 2165 2757 Nili
2187 2720 2423 2773 quarere
2448 2703 2575 2758 olim

1550 2785 1695 2839 inter
1738 2801 1930 2854 magna
1969 2782 2299 2853 problemata
2334 2781 2575 2841 relatum.

1552 2861 1758 2922 Nostris
1772 2861 2096 2932 temporibus
2110 2902 2125 2928 ‚
2144 2863 2311 2914 Bmce
2328 2873 2576 2933 penetra-

1550 2941 1625 2995 vit
1649 2939 1713 2994 ad
1738 2950 1844 2994 tres
1864 2940 1980 3008 ejus
2003 2940 2176 2992 sontes
2196 2939 2252 2991 in
2282 2938 2574 3012 Abyssinia.

1617 3021 1732 3072 255.
1776 3019 1943 3085 Caput
1973 3015 2120 3070 fluvii
2157 3025 2237 3069 est
2271 3016 2389 3071 sons
2404 3056 2420 3084 ,
2458 3025 2574 3071 non

1553 3096 1748 3149 ostium
1759 3133 1778 3161 ,
1788 3105 1848 3147 ut
1861 3094 2074 3164 quidam
2089 3103 2357 3165 putarunt.
2369 3094 2454 3149 De
2465 3114 2575 3164 sep-

1550 3179 1648 3225 tem
1661 3176 1823 3236 osle’is,
1834 3171 1939 3226 vid.
1952 3171 2124 3226 Strab.
2137 3173 2445 3241 xv11,init.
2461 3174 2575 3227 Ho-

1552 3252 1637 3306 die
1654 3250 1761 3305 duo
1781 3261 1989 3307 tantum
2011 3261 2211 3307 restant
2232 3252 2570 3324 navigabilia,

1552 3348 1783 3401 quornm
1796 3328 1946 3382 alteri
1962 3327 2164 3398 adjacet
2187 3329 2398 3384 Bou-lle
2411 3371 2426 3393 ,
2444 3329 2571 3384 olim

1555 3407 1806 3478 Canopus
1821 3446 1837 3474 ,
1852 3405 2002 3460 alteri
2015 3408 2300 3472 Damielle,
2318 3407 2447 3461 olim
2470 3408 2570 3461 Pe-

1550 3487 1838 3542 lusium.—-
1862 3487 2089 3550 Vocant,
2117 3505 2278 3543 vacua
2293 3528 2309 3556 ,
2328 3486 2577 3541 destituta

1551 3576 1676 3618 sunt
1699 3564 1863 3634 aquis.

1616 3649 1728 3715 ²⁵7·
1751 3646 1972 3698 Hebrum
1997 3663 2109 3697 cum
2135 3644 2403 3714 &symona
2448 3644 2578 3697 He-

1547 3722 1674 3776 brus
1693 3731 1747 3775 et
1761 3719 2019 3796 Strymon
2031 3719 2431 3777 fluviiTlu-aciae
2447 3762 2462 3788 ‚
2481 3720 2578 3790 qui

1549 3803 1605 3856 in
1645 3820 1792 3856 mare
1825 3802 2056 3874 AEgeum
2097 3801 2375 3869 defluunt,
2421 3801 2506 3855 hic
2543 3818 2574 3850 e

1548 3878 1765 3950 Pangeo
1788 3891 1972 3934 monte
1993 3920 2009 3946 ‚
2047 3880 2136 3934 ille
2170 3900 2232 3933 ex
2270 3881 2478 3933 Haemo.
2505 3899 2573 3914 -·

1549 3962 1790 4015 Ismarios
1805 4003 1818 4026 ,
1841 3961 1894 4014 id
1911 3971 1990 4015 est
2006 3960 2289 4014 Thracicos
2307 3981 2322 4022 ς
2347 3975 2472 4011 nam
2489 3957 2579 4005 Is·-

1547 4060 1715 4094 aatus
1738 4057 1893 4096 mons
1911 4042 2152 4096 Thracia
2172 4080 2187 4106 ‚
2218 4039 2344 4091 vino
2366 4032 2572 4087 nobilis.

1611 4115 1723 4172 258.
1751 4121 2119 4187 Hesperiosque
2140 4132 2329 4167 amnes.
2366 4111 2576 4178 Hespe-

1549 4193 1683 4247 riam
1701 4232 1718 4259 ‚
1741 4193 1798 4247 id
1819 4205 1898 4248 est
1921 4205 2117 4247 terram
2150 4187 2531 4244 occidentalem
2551 4227 2568 4256 ‚
